3218 5150
777 411 816 474 91

185 596 198 629 ι
301 572 391 638 Aiec.
437 579 470 639 et
497 575 575 642 haee
598 578 712 642 ciuitas
734 583 799 657 est,
833 600 931 663 quam
961 600 1036 665 rege
1076 580 1165 646 illins
1198 582 1358 647 trucidato

100 712 107 724 ·
212 679 416 762 expugnauit
437 679 536 744 Iesus.

305 782 445 868 Aesaph.
491 788 525 848 et
555 790 669 852 eontra
710 788 806 854 huius
840 809 950 874 regem
986 788 1076 854 lesus
1116 810 1276 876 pugnasse
1304 790 1358 854 de·

213 886 383 965 scribitur,
418 887 664 976 adpellaturque
701 892 796 958 hodie
834 893 948 958 uillola
981 892 1140 959 chasalus
1175 896 1210 959 iu
1241 898 1357 961 octauo

186 989 323 1076 §lapido
335 989 563 1060 Diocaesareae
581 995 621 1062 ad
638 997 778 1063 radicem
789 999 908 1064 montis
920 996 1050 1063 Thabor
1064 999 1099 1062 iu
1112 997 1356 1084 campestribus.

303 1097 447 1163 Accaron
471 1099 507 1163 in
536 1099 626 1165 tribu
654 1099 727 1166 Dan
758 1103 826 1167 sius
854 1104 906 1186 (ut
927 1123 988 1186 ego
1019 1101 1174 1184 arbitror)
1204 1103 1238 1167 in
1266 1103 1355 1168 tribu

214 1198 312 1266 Iudae
342 1201 382 1266 ad
411 1201 538 1267 laeuam
560 1203 835 1272 chananaeorum.
865 1204 944 1272 urbs
964 1227 1030 1271 uua
1050 1205 1089 1272 de
1112 1207 1255 1291 quinquo
1278 1207 1356 1272 olim

214 1305 367 1389 satrapiis
389 1305 601 1373 Palaestinae.
624 1312 658 1374 et
678 1309 807 1376 decreta
827 1315 876 1376 est
898 1310 1028 1395 quidem
1049 1311 1151 1376 tribui
1179 1309 1276 1377 Iudae
1296 1333 1355 1377 nec

214 1415 325 1476 tamen
347 1415 439 1477 tenta
461 1413 503 1478 ab
525 1436 572 1494 ea,
604 1415 681 1499 quia
710 1414 909 1484 habitatores
940 1417 1096 1503 pristinos
1126 1419 1276 1502 nequiuit
1301 1441 1356 1484 ex·

170 1543 202 1578 ιο
214 1515 345 1600 pellere.
391 1518 445 1582 sed
468 1521 501 1583 et
522 1539 624 1604 usque
645 1519 740 1587 hodie
761 1523 894 1608 grandis
914 1522 1006 1587 uicus
1028 1523 1148 1588 ciuium
1164 1522 1355 1588 Iudaeorum

214 1620 364 1685 Accarou
386 1619 515 1701 dicitur,
538 1622 624 1688 iuter
645 1624 784 1691 Azotum
806 1627 840 1691 et
861 1625 1037 1706 Iamniam,
1065 1627 1106 1691 ad
1129 1626 1285 1692 orientem
1307 1649 1357 1694 ra-

213 1725 365 1808 spicieus.
407 1725 537 1810 quidam
560 1729 679 1812 putant
704 1730 851 1797 Accarou
883 1731 1000 1795 turrim
1033 1730 1208 1809 Stratonis,
1242 1735 1355 1817 postea

213 1828 402 1894 Caesaream
424 1836 653 1916 nuncupatam.

302 1932 426 1998 Aaotus
458 1956 540 2019 quae
572 1957 670 2021 supra
694 1935 819 2014 Asdod,
853 1957 953 2022 usque
985 1937 1081 2002 hodie
1112 1959 1178 2004 uon
1209 1939 1354 2024 ignobile

170 2039 428 2124 15municipium
450 2038 653 2106 Palaestinae
676 2042 709 2106 et
732 2040 856 2106 unedo
879 2042 1021 2127 quinque
1050 2041 1239 2108 ciuitatibus
1274 2042 1355 2109 allo-

215 2144 396 2230 phylorum,
420 2145 548 2209 decreta
559 2145 689 2229 quidam
700 2145 800 2209 tribui
812 2143 922 2224 Iudae,
944 2146 1000 2212 sed
1022 2167 1087 2211 nou
1100 2150 1229 2214 retenta
1244 2147 1286 2212 ab
1305 2169 1352 2227 ea,

216 2249 293 2333 quia
314 2270 517 2334 nequaquam
538 2252 666 2316 ueteres
687 2249 814 2316 adcolas
837 2251 947 2336 potuit
968 2251 1138 2335 expellere.

293 2354 432 2421 Ascalon
455 2354 532 2420 urba
553 2355 672 2420 nobilia
695 2354 906 2434 Palaestinae,
929 2377 1012 2440 quae
1033 2357 1149 2441 etipsa
1173 2359 1355 2442 antiquitus

214 2480 281 2524 una
302 2459 366 2524 fuit
386 2460 426 2526 de
447 2461 590 2546 quinque
612 2461 763 2547 satrapiis
782 2461 1031 2546 allophylorum,
1060 2467 1208 2547 separata
1225 2464 1354 2548 quidem

169 2597 203 2632 ao
216 2585 274 2648 per
296 2571 415 2630 sortem
437 2565 540 2630 tribui
562 2565 661 2631 ludeo
683 2586 744 2631 neo
765 2568 876 2631 tamen
898 2567 1028 2630 retenta
1048 2567 1091 2631 ab
1114 2587 1168 2644 ea,
1201 2569 1279 2652 quia
1298 2567 1353 2634 ha·

215 2668 371 2736 bitatores
393 2670 461 2735 eius
482 2691 633 2755 superare
656 2691 721 2736 nou
745 2669 862 2755 potuit.

300 2773 403 2840 Aleoa
424 2774 580 2840 terminus
602 2773 851 2841 Amorraeorum
883 2794 979 2859 super
1000 2773 1170 2840 Iordanem
1198 2777 1234 2842 iu
1267 2781 1354 2842 sorte

216 2878 324 2943 tribus
345 2878 470 2945 Ruhon.
515 2879 570 2946 sed
592 2882 627 2945 et
646 2900 747 2963 usque
762 2877 857 2944 hodie
872 2881 922 2943 est
937 2877 1103 2943 castellum
1115 2880 1238 2964 grande
1254 2881 1353 2948 Afeoa

213 2983 344 3050 nomine
366 2985 458 3049 iuxta
479 2983 623 3070 Hippum
646 2985 761 3050 urbam
781 2982 993 3050 Palaestinae.

169 3121 198 3171 ις
301 3089 394 3174 Agad
415 3090 478 3154 sita
499 3089 540 3155 ad
562 3089 686 3156 radices
706 3089 826 3153 montis
850 3089 1001 3152 hermon.

302 3192 442 3259 Aemath
473 3193 552 3260 urbs
585 3215 669 3279 quae
699 3193 814 3259 cecidit
833 3193 869 3258 iu
898 3194 1016 3258 sortem
1050 3189 1177 3254 Ruben.
1233 3187 1289 3254 sad
1321 3193 1354 3254 et

217 3320 303 3365 nunc
324 3299 486 3365 Amathus
508 3299 587 3364 uilla
608 3299 728 3364 dicitur
743 3300 834 3363 trans
846 3297 1016 3363 Iordanem
1033 3295 1066 3360 in
1080 3294 1235 3380 trigesimo
1247 3296 1352 3381 primo

214 3403 354 3469 miliario
384 3401 495 3468 Pellae
523 3403 563 3469 ad
592 3402 771 3468 meridiem.
821 3405 870 3467 est
898 3405 931 3468 et
964 3401 1027 3465 alia
1058 3399 1137 3464 uilla
1169 3399 1204 3464 in
1233 3401 1353 3466 uicinia

214 3507 361 3574 (iaderae
382 3506 514 3572 nomine
546 3506 696 3586 Amatha,
720 3506 777 3570 uhi
800 3505 921 3572 calidae
952 3525 1054 3588 aquas
1089 3505 1271 3588 erumpunt.
1317 3505 1352 3568 iu

168 3648 201 3698 30
215 3632 387 3696 regnorum
409 3631 537 3696 quoque
561 3610 652 3677 libris
675 3611 829 3677 scribitur
862 3610 902 3676 ab
934 3609 1072 3675 introita
1092 3608 1231 3674 Aemott
1254 3629 1353 3691 usqua

214 3717 259 3784 ad
278 3739 369 3784 mora
393 3717 526 3794 Arato,
547 3716 609 3783 hoe
632 3719 680 3783 est
701 3717 838 3794 deserti,
867 3717 953 3802 quod
979 3718 1028 3781 est
1058 3737 1146 3780 mare
1178 3719 1350 3781 mortuum.

212 3843 274 3908 ego
296 3826 405 3887 autem
427 3823 626 3906 inuestigans
649 3821 778 3906 repperi
800 3819 941 3885 hamath
963 3819 1076 3886 urbem
1098 3817 1209 3884 Coeles
1240 3819 1352 3903 Syriae

212 3927 386 4013 adpellari,
409 3947 491 4012 quae
513 3946 599 3991 nunc
621 3947 739 4012 graeco
761 3945 907 3991 sermono
929 3923 1116 4009 Epiphania
1136 3926 1351 4008 nuncupatur.

285 4177 296 4212 r
317 4159 361 4219 loo
381 4163 450 4224 12,18
466 4159 471 4228 Ι
490 4175 504 4226 3
523 4157 568 4213 Ios
587 4155 678 4225 ¹²r²⁰l
702 4159 719 4208 6
736 4154 781 4210 Ios
800 4156 874 4222 rm!
896 4158 911 4208 8
936 4153 989 4208 Iud
1009 4153 1083 4219 nrt!
1106 4169 1136 4217 ¹4
1161 4150 1205 4204 los
1224 4151 1299 4218 133}
1322 4170 1352 4216 ¹4

213 4271 246 4297 =
264 4265 338 4317 90,3o
358 4250 363 4316 Ι
385 4252 414 4301 rt
432 4247 477 4302 los
497 4263 565 4315 ¹5s7
588 4249 593 4316 Ι
616 4251 645 4302 18
669 4245 714 4301 los
734 4262 786 4312 rm
809 4246 815 4313 Ι
841 4261 871 4298 22
889 4243 935 4300 Ios
953 4244 1028 4310 ι3,41
1048 4239 1237 4309 2510¹¹3rsl
1258 4239 1352 4296 atlas

213 4336 559 4409 mwQWm
