3218 5150
734 361 796 427 125

167 561 180 593 1
286 533 454 614 oensem,
486 556 546 622 pro
568 557 634 620 que
655 535 691 600 in
714 533 853 602 hebraeo
876 536 1018 621 positum
1039 541 1089 604 est
1110 539 1230 620 Auito,
1261 542 1340 608 ciui·

193 644 250 706 tas
272 639 377 720 adad,
401 642 456 727 qui
479 643 614 726 quartus
636 643 790 727 regnauit
809 643 844 706 in
867 649 955 706 terra
966 642 1127 724 Idumaea,
1150 667 1232 729 quae
1253 667 1338 711 nuno

193 745 362 812 Gebalene
382 746 509 812 dieitur.

286 849 392 917 Gesen
414 852 505 936 regio
528 849 688 936 Aegypti,
720 853 754 917 in
777 873 842 936 qua
864 851 1026 916 habitauit
1044 851 1142 918 Iacob
1164 875 1237 919 oum
1258 854 1339 920 libe·

167 956 242 1030 πίε
264 956 340 1020 suis.

487 1058 537 1124 De
560 1057 712 1124 Numerio
734 1062 767 1124 et
788 1056 1052 1124 Deuteronomio.

286 1162 508 1248 Gasiougaber
530 1167 637 1229 eastra
659 1165 693 1227 iu
715 1163 888 1229 solitudine
910 1163 1052 1229 filiorum
1074 1163 1216 1247 Israhel,
1254 1167 1338 1232 siout

193 1271 233 1334 in
254 1265 471 1333 Numerorum
493 1268 579 1332 libro
608 1268 764 1352 scriptum
791 1269 851 1332 est.
896 1289 994 1354 porro
1024 1269 1114 1333 iuxta
1135 1268 1338 1336 Deuterono-

193 1374 298 1438 mium
321 1373 437 1437 oiuitas
461 1374 509 1436 est
519 1371 614 1450 Esau,
638 1393 735 1455 quam
758 1371 982 1436 nuncEssiam
1004 1374 1185 1459 nuncupari
1207 1377 1335 1459 putant,

147 1503 179 1536 ιο
193 1479 289 1542 iuxta
310 1497 398 1542 mere
420 1476 553 1541 rubrum
578 1479 612 1540 et
633 1475 752 1540 Ailam.

285 1579 346 1646 Gai
368 1582 473 1644 oestro
493 1581 528 1644 in
552 1579 725 1644 solitudine
750 1579 891 1644 filiorum
900 1577 1032 1644 Israhel.
1062 1581 1216 1664 eiusque
1239 1580 1335 1648 hodie

199 1685 282 1751 Gaia
304 1685 381 1750 urbs
403 1685 522 1750 dieitur
543 1683 748 1749 Palaestinae
770 1683 860 1747 iuxta
880 1682 1045 1748 ciuitatem
1069 1682 1207 1749 Petram.

285 1788 423 1855 Gelmon
448 1787 654 1853 Deblathaim
676 1791 782 1852 eastra
815 1786 932 1873 (idest
957 1788 1095 1872 mansio)
1125 1789 1267 1854 filiorum
1287 1789 1337 1855 Is·

196 1893 288 1959 rahel
310 1894 346 1958 in
368 1893 506 1958 deserto.

153 2019 186 2070 ις
285 1997 418 2084 Gadgad
442 2018 534 2062 mons
555 1997 590 2061 in
623 1996 767 2074 deserto,
802 1996 859 2062 ubi
888 1999 994 2061 eastre
1026 1998 1138 2063 metati
1169 2001 1246 2099 suut
1276 1999 1335 2066 lilii

194 2101 330 2168 Israhel.

284 2205 372 2272 Gaze
394 2205 508 2271 ciuiles
530 2203 731 2285 Euaeornm,
762 2203 798 2268 in
820 2225 885 2289 qua
906 2203 1094 2271 habitauero
1116 2202 1333 2291 Cappadoces,

196 2311 343 2398 pristinis
371 2309 549 2375 cultoribus
578 2308 770 2375 interfectis.
807 2309 894 2396 opud
923 2313 1048 2375 ueteres
1079 2314 1150 2376 erat
1176 2310 1334 2376 terminus

196 2415 463 2482 chananaeorum
490 2416 581 2480 iuxta
602 2415 790 2500 Aegyptum
818 2414 997 2498 oeciditque
1028 2415 1064 2480 in
1087 2418 1206 2481 sortem
1229 2414 1335 2479 tribus

153 2521 312 2600 mindae,
341 2519 396 2586 sed
418 2541 490 2586 eam
512 2523 624 2585 tenere
647 2539 712 2584 uon
735 2518 860 2604 potuit,
892 2519 968 2602 quia
989 2517 1124 2585 Enaeim
1146 2519 1193 2605 (id
1215 2521 1265 2584 est
1285 2517 1336 2604 gi-

195 2629 323 2712 gantes)
340 2624 555 2710 Allolylornm
577 2623 747 2689 fortissimi
769 2623 969 2688 restiterunt.
992 2625 1026 2687 et
1047 2625 1097 2687 est
1118 2643 1220 2706 usque
1241 2623 1335 2690 hodie

194 2731 334 2816 insignis
362 2730 477 2795 oiuitas
499 2727 712 2793 Palaestinae.
759 2729 927 2811 quaeritur
948 2729 1056 2791 autem
1084 2749 1149 2812 quo
1181 2729 1276 2794 modo
1299 2730 1334 2794 in

194 2835 334 2920 quodam
347 2831 509 2919 propheta
523 2832 646 2898 dicatur
654 2830 741 2897 Gaza
752 2830 863 2895 futura
873 2832 909 2896 in
920 2830 1080 2896 tumulum
1092 2831 1333 2916 sempiternum.

195 2937 282 3024 qnod
304 2937 442 3003 soluitur
462 2936 526 3000 ita:
560 2935 712 3019 autiquae
740 2935 883 2999 ciuitatis
904 2934 1011 2999 locum
1033 2935 1089 2998 nix
1109 2933 1334 3002 fundamento·-

154 3064 268 3115 esrum
289 3041 444 3128 praebere
467 3039 623 3124 uestigia,
654 3038 738 3102 hano
759 3039 884 3116 autom,
918 3057 999 3121 quae
1030 3058 1116 3102 nuno
1137 3038 1280 3103 cernitur
1298 3041 1332 3104 in

193 3148 260 3214 elio
281 3148 361 3226 loeo,
384 3167 442 3230 pro
464 3145 531 3224 illa,
554 3165 636 3231 quae
658 3144 796 3222 conruit,
819 3143 1028 3208 aedificatam.

282 3250 418 3336 Gorgasi
450 3251 566 3316 ciuitas
606 3252 697 3314 trans
728 3246 887 3313 Iordanen
916 3248 1027 3312 innota
1059 3247 1163 3314 monti
1200 3246 1331 3330 Galam,

194 3377 291 3442 qnam
323 3357 430 3422 tenuit
462 3355 568 3420 tribus
595 3353 753 3418 Manasse.
807 3355 841 3418 et
873 3353 953 3418 huso
990 3374 1057 3418 esse
1092 3375 1179 3420 nuno
1216 3353 1333 3423 dieitur

194 3459 330 3541 Gerasa,
353 3460 431 3525 urbs
464 3458 602 3544 insignis
630 3457 778 3523 Arabiae.
830 3456 959 3541 quidam
995 3457 1101 3522 sutem
1134 3459 1237 3544 ipsam
1266 3483 1333 3528 esse

149 3603 182 3651 ³0
194 3565 356 3631 Gadaram
371 3564 553 3629 aestimant.
579 3563 634 3628 sed
647 3565 680 3628 et
691 3562 892 3647 euangelium
905 3561 1054 3626 meminit
1065 3559 1331 3648 Gergesenorum.

282 3667 451 3754 Gadgada‚
476 3667 530 3735 ubi
552 3689 708 3754 aquarum
730 3669 891 3734 torrentes
913 3670 998 3731 sunt.
1042 3679 1091 3732 est
1113 3673 1221 3734 numm
1244 3671 1332 3736 loeus

192 3775 227 3839 iu
252 3773 435 3840 solitudine.

279 3877 408 3944 Gaulon
430 3877 498 3942 siue
521 3875 637 3941 Gelam
666 3877 701 3940 iu
731 3876 820 3941 tribu
851 3873 1008 3952 Medusae,
1038 3875 1155 3940 ciuitas
1187 3876 1332 3942 sacerdo-

266 4050 277 4083 1
298 4030 360 4087 Gen
378 4036 446 4098 3⁶‚35
464 4031 500 4098 14
519 4030 580 4086 Gan
598 4031 721 4098 45‚1018
740 4027 816 4084 Num
835 4027 956 4096 33,3518
976 4027 1015 4081 Dt
1034 4027 1137 4092 2,8!11
1158 4025 1329 4098 Nummi

194 4140 222 4189 ¹3
242 4119 319 4176 Num
337 4121 429 4190 334⁶!
453 4137 480 4188 ις
497 4119 573 4174 Num
592 4120 682 4187 3332!
706 4137 734 4185 17
753 4117 793 4172 Dt
810 4117 886 4186 ²›23l
911 4116 1113 4184 2010215471
1138 4133 1170 4170 ao
1187 4115 1240 4171 Iud
1259 4116 1328 4188 ι,ι81

192 4232 221 4281 ²3
241 4211 286 4267 Iso
303 4229 359 4280 25st
382 4218 409 4279 1-
431 4211 507 4283 Soph
525 4208 586 4278 24?
601 4211 606 4279 1
622 4229 652 4280 ²7
671 4209 710 4265 nt
728 4210 788 4278 7,ι1
810 4229 841 4277 30
859 4209 938 4265 Maro
955 4209 1015 4277 5,ι1
1038 4227 1067 4275 31
1088 4207 1127 4263 Dt
1144 4209 1217 4277 roal
1243 4229 1272 4278 33
1291 4209 1330 4264 Dt

190 4319 245 4368 sss
262 4300 267 4368 1
283 4319 312 4369 ss
331 4298 376 4357 Ios
394 4305 449 4368 20.8
