3218 5150
822 443 864 508 92

368 614 507 678 Ammon
530 616 620 679 trans
641 612 810 678 Iordanem
830 613 866 678 in
888 613 976 679 tribu
1000 613 1084 680 Gad.
1109 612 1187 678 haec
1212 613 1262 677 est
1283 609 1448 676 Ammanr

281 717 320 782 de
349 739 413 801 qua
442 739 541 803 supra
572 718 729 795 diximus,
752 716 933 796 Filadelfia,
961 718 1077 782 ciuitas
1105 717 1252 782 inlustris
1273 716 1418 781 Arabiae.

364 820 495 886 Addara
517 822 552 886 in
582 821 671 886 tribu
695 819 776 886 Iuda
806 821 897 884 iuxta
932 821 1104 886 desertum.
1150 823 1200 886 est
1221 840 1351 904 quoque
1385 822 1420 885 et

279 921 343 986 alia
364 924 444 989 uilla
464 925 499 988 in
522 925 642 990 finibus
664 924 855 1010 Diospoleos
877 925 968 989 iuxta
993 922 1216 989 thamniticam
1245 922 1419 1007 regionem,

280 1047 362 1108 quae
386 1049 406 1092 a
428 1027 577 1093 Thamna
599 1029 679 1094 uilla
701 1051 802 1112 nsque
823 1029 917 1094 hodie
939 1029 986 1094 sic
1007 1030 1152 1094 uocatur.
1429 1045 1444 1094 5

365 1130 508 1197 Aocarea
530 1133 619 1198 uicus
640 1133 675 1196 in
696 1133 822 1198 deserto
838 1132 965 1198 situsiu
983 1133 1182 1218 possessione
1192 1131 1297 1198 tribus
1308 1129 1418 1208 Iudae,

280 1253 340 1316 pro
362 1256 426 1320 quo
450 1233 662 1321 Symmachus
684 1237 918 1321 interpretatur
940 1239 1174 1322 pauimentum.

364 1338 476 1404 Achor
497 1341 532 1404 in
555 1341 642 1404 tribu
662 1338 770 1421 Iudae,
793 1341 833 1406 de
855 1361 920 1425 qua
941 1343 976 1405 et
997 1362 1096 1426 supra
1117 1341 1238 1407 dictum
1259 1341 1318 1406 est.

364 1441 549 1509 Adommim
571 1445 733 1529 qnondam
753 1445 885 1524 nillum,
909 1465 994 1510 nunc
1013 1445 1126 1510 ruinae
1147 1446 1181 1510 in
1204 1445 1290 1510 sorte
1313 1443 1418 1510 tribus

278 1543 391 1624 Iudae,
415 1549 471 1632 qui
493 1549 583 1613 locus
608 1570 708 1634 usque
732 1548 826 1615 hodie
849 1552 984 1615 uocatur
1006 1549 1212 1615 maledomim
1240 1551 1274 1614 et
1305 1569 1416 1634 graece
1434 1573 1465 1608 ιο

279 1650 397 1716 dicitur
419 1649 579 1734 ἀνάβασις
601 1657 752 1738 πυρρῶν,
783 1653 884 1720 latine
912 1656 1021 1718 autem
1042 1652 1200 1738 adpellari
1222 1655 1330 1738 potest
1361 1654 1418 1720 ad-

278 1778 408 1824 scensus
439 1759 585 1825 ruforum
614 1762 682 1826 siue
714 1759 934 1839 rubrantium,
968 1763 1101 1846 propter
1133 1761 1324 1846 sanguinem
1361 1763 1418 1846 qui

278 1864 344 1929 illie
367 1864 480 1930 crebro
503 1886 524 1928 a
546 1864 727 1929 latronibus
749 1863 904 1930 funditur.
939 1868 988 1930 est
1001 1868 1110 1930 autem
1121 1865 1298 1931 confinium
1312 1867 1417 1932 tribus

277 1967 377 2034 Iudae
407 1975 441 2036 et
467 1971 655 2050 Beniamin,
692 1971 959 2037 descendentibus
990 1971 1032 2036 eb
1066 1971 1162 2037 Aelia
1182 1972 1218 2036 in
1247 1971 1415 2053 leriohum,

277 2073 334 2138 ubi
365 2079 398 2138 et
429 2076 595 2140 castellum
633 2075 774 2140 militum
804 2076 900 2141 situm
931 2079 983 2140 est
1011 2075 1054 2141 ob
1079 2074 1199 2140 auxilia
1241 2077 1413 2144 uiatorem.
1432 2101 1459 2150 ις

276 2177 372 2243 huius
394 2183 519 2245 cruenti
541 2183 575 2246 et
595 2179 792 2264 sanguinarii
824 2179 889 2244 loci
918 2179 1067 2244 dominus
1098 2201 1226 2265 quoque
1254 2181 1290 2246 in
1323 2203 1417 2268 para-

276 2282 351 2347 bola
373 2283 595 2349 descendentis
618 2282 780 2349 Ieriehum
802 2283 841 2348 de
863 2283 1090 2368 Hierosolyma
1111 2285 1307 2351 recordatur.

363 2391 481 2457 Annam
502 2393 538 2458 iu
560 2392 650 2457 tribu
671 2392 762 2457 Iuda.

363 2500 445 2564 Aser
479 2499 513 2563 in
544 2498 635 2562 tribu
655 2496 746 2562 Iuda.
787 2496 969 2582 adpellatur
1002 2502 1112 2565 autem
1144 2501 1178 2564 et
1209 2519 1295 2565 nuno
1327 2501 1417 2566 uicus

279 2602 490 2689 praegrandis
512 2601 723 2687 pergentibus
745 2599 937 2667 Ascalonem
959 2602 999 2668 de
1021 2603 1135 2670 Aeolo.
1291 2649 1294 2654 -
1429 2631 1459 2666 ιο

362 2705 514 2770 Asarsual
536 2705 569 2769 in
593 2705 682 2769 tribu
703 2704 794 2769 Iuda.

360 2810 424 2875 Ain
453 2812 488 2875 in
510 2809 600 2875 tribu
621 2809 717 2888 Iuda,
753 2809 830 2874 urbs
857 2809 1077 2875 sacerdotibus
1103 2816 1261 2898 separata.
1305 2813 1355 2876 est
1382 2813 1415 2876 et

275 2935 377 2999 usque
399 2912 495 2980 bodie
518 2912 596 2978 uilla
618 2910 814 2978 Bethennim
838 2913 969 2980 nomine
990 2913 1128 2980 secundo
1152 2914 1259 3001 lapide
1282 2936 1301 2978 a
1331 2917 1416 2980 tere-

275 3018 402 3097 bintho,
426 3017 488 3084 hoc
509 3021 559 3084 est
580 3039 600 3082 a
621 3018 831 3084 tabernaculo
853 3017 1035 3098 Abraham,
1066 3022 1221 3104 quattuor
1242 3019 1373 3084 milibus
1395 3039 1415 3084 a

275 3121 435 3189 Chebron.
1429 3151 1456 3201 25

360 3226 495 3292 Asthaol
517 3226 552 3291 in
574 3225 663 3290 tribu
684 3225 775 3292 Iuda.
815 3229 849 3292 et
882 3247 983 3311 usque
1005 3225 1101 3292 hodie
1122 3226 1236 3292 uillula
1256 3227 1414 3294 uocabulo

275 3329 355 3396 asto
377 3332 462 3396 inter
483 3329 624 3396 Azotum
646 3333 681 3396 et
698 3331 889 3397 Ascalonem
910 3335 1089 3417 permanet.

361 3435 449 3499 Asna
469 3434 505 3499 in
526 3435 616 3505 tribu
638 3435 729 3504 Iuda.

360 3537 507 3604 Adollam
549 3541 584 3604 in
617 3540 708 3604 tribu
739 3539 829 3605 Iuda.
883 3543 918 3605 et
953 3561 1055 3624 usque
1095 3537 1193 3606 hodie
1225 3539 1316 3605 uicus
1347 3559 1414 3606 non

277 3663 397 3728 paruus
418 3640 459 3707 ad
480 3644 639 3709 orientem
659 3642 946 3728 Eleutheropoleoa
966 3645 1000 3709 in
1023 3643 1146 3710 decimo
1174 3644 1243 3708 eius
1272 3645 1413 3711 miliario
1428 3676 1457 3727 30

275 3747 339 3812 hoc
360 3748 495 3812 uocatur
517 3747 657 3814 nomine.

361 3849 525 3918 sumaim
553 3852 589 3917 in
610 3857 697 3918 sorte
718 3851 823 3918 tribus
843 3850 950 3917 Iudae.
996 3848 1113 3916 dicitur
1135 3851 1244 3916 autem
1266 3855 1300 3917 et
1316 3874 1414 3937 quae-

346 4110 359 4145 r
379 4092 513 4160 loer3,1o
534 4095 539 4160 Ι
564 4113 579 4147 2
599 4115 630 4139 =
650 4097 718 4161 8831
747 4093 752 4161 1
777 4091 855 4161 glor
876 4109 927 4160 153
950 4091 955 4160 Ι
980 4095 995 4146 6
1019 4091 1136 4158 Ios15,3
1161 4093 1167 4160 Ι
1191 4097 1206 4145 8
1230 4091 1274 4148 Ios
1294 4111 1346 4162 15,7
1368 4095 1374 4160 Ι
1398 4101 1413 4148 8

276 4203 308 4230 =
327 4187 396 4250 8a31
419 4184 424 4249 Ι
446 4182 524 4251 clos
544 4198 597 4250 15‚7
619 4185 624 4251 Ι
650 4187 680 4236 1⁶
698 4183 757 4239 Luc
776 4183 866 4252 1030}
891 4187 919 4236 18
938 4180 1196 4250 Iesus,2611910s
1216 4184 1348 4252 15‚27121
1368 4183 1413 4239 Ios

276 4270 365 4338 ¹5=²⁸l
390 4291 421 4326 aa
438 4271 483 4326 loe
502 4272 592 4340 rma!
617 4291 647 4327 aa
672 4270 717 4327 loa
736 4272 827 4340 aaut!
852 4275 882 4328 2⁶
906 4270 951 4327 Ios
971 4270 1060 4340 rm!
1085 4274 1116 4325 28
1141 4269 1185 4326 Ios
1206 4271 1296 4340 1533}
1321 4270 1413 4340 291oe

276 4375 343 4428 tsas
359 4359 365 4427 l
381 4378 412 4428 ³²
429 4359 473 4416 10³
492 4364 561 4428 1⁵2³⁶
