3186 5150
834 435 877 500 90

290 623 416 690 Iericho
440 629 473 690 et
495 647 595 710 usque
620 624 716 690 hodie
740 646 759 688 a
783 623 923 708 regionis
951 624 1040 690 illiue
1070 625 1189 691 adcolis
1218 627 1263 692 sic
1286 630 1452 691 uocatum

289 729 436 794 meminit
457 728 552 795 huius
574 727 653 796 Osee
677 729 844 814 propheta.

372 833 528 899 Asedoth.
551 834 614 898 alia
635 831 713 898 haec
734 831 859 910 ciuitas,
891 852 956 896 non
977 853 1060 917 quae
1083 853 1198 916 snpra,
1221 833 1298 898 lieet
1319 833 1430 898 eodem

288 941 424 1004 uocetur
443 939 584 1016 nomine,
607 959 705 1022 quam
727 937 927 1022 expugnauit
948 935 1112 1020 quondam
1130 933 1218 1000 lesus
1245 958 1320 1022 rege
1341 937 1430 1003 illins

288 1041 470 1109 interfecto.
1438 1070 1452 1121 ς

374 1149 455 1213 Asor
477 1147 592 1211 ciuitas
614 1145 707 1230 regni
740 1144 852 1221 labin,
887 1161 984 1226 qnam
1020 1139 1121 1204 solam
1151 1141 1296 1207 incendit
1325 1143 1424 1222 Iesus,

288 1254 365 1338 qnia
386 1253 574 1338 metropolis
596 1257 666 1318 erat
687 1252 833 1317 omnium
848 1269 1023 1334 regnorum
1038 1245 1223 1313 Philistiim.
1250 1251 1300 1314 est
1317 1254 1351 1316 et
1364 1251 1431 1317 alia

288 1359 366 1424 uilla
387 1380 488 1443 nsque
511 1357 607 1423 hodie
631 1357 715 1422 Aser
736 1357 771 1420 in
794 1352 914 1420 finibus
936 1351 1108 1417 Ascalonia
1130 1355 1243 1418 contra
1272 1355 1430 1421 orientem

288 1463 372 1540 eius,
396 1484 477 1546 quae
500 1460 617 1526 cecidit
638 1461 674 1524 in
696 1461 815 1524 sortem
837 1456 942 1523 tribus
964 1456 1080 1534 Indae,
1103 1458 1194 1522 cuins
1214 1460 1248 1524 et
1269 1461 1430 1545 scriptura

1570 658 1575 841 l

288 1567 446 1645 meminit,
470 1564 635 1650 adpellens
658 1585 728 1630 eam
751 1564 792 1629 ad
808 1563 1050 1628 distinctionem
1065 1565 1184 1628 ueteris
1197 1563 1282 1630 Asor
1298 1587 1427 1631 nouem.
1446 1599 1476 1634 ιο
1569 1640 1573 1661 Ι

375 1671 515 1735 hermon
544 1671 632 1754 regio
662 1667 862 1743 Enaeorum‚
895 1688 992 1750 quum
1031 1667 1175 1752 optinuit
1208 1668 1307 1758 Iesus.
1360 1670 1430 1737 He·

289 1776 405 1839 bracus
418 1795 493 1840 uero
506 1795 570 1858 qno
590 1773 793 1858 praelegente
810 1772 987 1856 scripturas
1001 1770 1108 1850 didici,
1124 1771 1274 1837 adfirmat
1285 1781 1430 1841 montem

288 1878 432 1945 Aermon
456 1878 599 1944 Paneadi
622 1879 791 1958 inminere,
814 1898 909 1961 quem
937 1876 1099 1960 quondam
1119 1879 1295 1942 tenuerunt
1322 1879 1425 1945 Euuei

289 1986 323 2049 et
344 1983 530 2066 Amorraei,
553 1984 592 2050 de
615 2005 679 2068 quo
703 2005 789 2047 nunc
812 1981 953 2046 aestiuas
975 1981 1067 2046 niues
1090 1979 1211 2066 Tyrum
1234 1983 1277 2048 ob
1298 1984 1431 2050 delicias

373 2193 497 2258 Ahalae
538 2213 630 2258 mons
668 2213 764 2277 quem
802 2189 922 2275 Aquila
951 2192 1186 2277 interpretatur
1230 2193 1429 2260 diuidentem

287 2300 430 2364 montem
452 2299 485 2362 et
515 2295 726 2381 Symmachus
764 2296 888 2361 laeuem
919 2299 1082 2376 montem,
1116 2297 1150 2362 id
1179 2299 1230 2362 est
1258 2298 1430 2385 limpidum

287 2402 355 2467 siue
376 2402 548 2466 lubricum.

374 2507 517 2572 hermon
538 2526 631 2570 mons
659 2502 929 2588 Amorreeornm,
964 2504 1003 2571 de
1026 2527 1091 2590 quo
1119 2527 1205 2571 nunc
1224 2506 1342 2572 dictum
1365 2510 1426 2574 est.

155 2103 158 2108 '
286 2088 484 2155 deferuntur.
1446 2129 1473 2178 ¹5
1570 2164 1572 2181 Ι

1574 2448 1579 2541 l

288 2630 384 2694 quem
407 2609 561 2674 Foenices
583 2612 701 2673 uocant
722 2605 839 2672 Senior
860 2611 894 2673 et
916 2607 1113 2675 Amorraeus
1127 2609 1303 2695 adpellsnit
1319 2610 1426 2694 Sanir,
1444 2651 1476 2687 20
1574 2656 1578 2701 ,

287 2713 467 2797 diciturque
492 2733 558 2776 esse
591 2712 625 2776 in
657 2712 778 2776 uertice
804 2713 873 2776 eius
901 2712 1030 2798 insigne
1060 2713 1234 2798 templum,
1265 2715 1349 2799 qnod
1385 2715 1427 2780 ab

286 2816 424 2882 ethnicis
446 2815 547 2879 cultui
568 2815 717 2895 habetur,
739 2836 758 2881 e
777 2817 910 2900 regione
923 2815 1079 2881 Paneedis
1094 2821 1127 2880 et
1144 2815 1272 2882 Libani.
1288 2822 1321 2884 et
1338 2823 1428 2884 terra

287 2920 428 2985 filiorum
450 2917 570 2984 Israhel
594 2921 685 2982 trans
707 2917 878 2982 Iordanem
900 2919 940 2984 ed
962 2919 1038 2984 solis
1061 2922 1169 2986 ortum
1201 2943 1220 2985 a
1249 2929 1426 3010 praerupto

286 3023 400 3090 Arnon
425 3045 525 3108 usque
547 3022 589 3088 ad
610 3025 754 3088 montem
778 3020 922 3089 hermon
945 3024 1141 3090 extenditur.

377 3129 474 3195 Anob
517 3129 634 3194 ciuitas
675 3150 772 3213 quam
808 3130 1010 3214 expugnauit
1037 3129 1136 3196 Iesus.
1182 3133 1216 3196 et
1243 3135 1293 3197 est
1324 3155 1427 3219 usque
1442 3175 1473 3224 ²5

288 3234 385 3301 hodie
408 3234 488 3299 uilla
517 3234 607 3298 iuxta
629 3233 811 3318 Diospolim
833 3235 925 3318 qnasi
956 3235 992 3300 in
1022 3237 1139 3318 quarto
1162 3235 1269 3322 lapide
1291 3239 1344 3303 nel
1366 3241 1428 3305 mi-

285 3339 379 3404 liario
401 3338 441 3403 ad
464 3339 654 3403 orientalem
677 3338 807 3424 plagam
829 3359 912 3422 quae
934 3337 1326 3406 uocatanethoaunaba
1356 3343 1426 3428 ple-

287 3443 378 3526 rique
401 3445 509 3506 antem
530 3441 704 3506 adfirmant
725 3443 759 3507 in
784 3445 900 3508 octauo
923 3443 964 3507 ab
986 3464 1024 3508 ea
1046 3443 1185 3510 miliario
1208 3447 1303 3511 sitam
1325 3447 1428 3513 etad-

289 3546 404 3632 pellari
426 3544 683 3611 Bethaunabam.

374 3646 482 3713 Asdod
502 3649 537 3713 in
559 3651 645 3715 sorte
668 3648 773 3713 trihus
795 3647 903 3728 Iudae,
925 3671 1008 3736 quae
1029 3671 1114 3716 nunc
1137 3654 1272 3717 uocetur
1293 3652 1424 3731 Aaotns,
1441 3682 1474 3730 30

286 3759 321 3823 in
343 3779 408 3842 qua
438 3757 584 3822 derelicti
621 3760 699 3822 sunt
720 3757 888 3843 gigantes,
921 3757 978 3842 qui
1008 3757 1256 3842 adpellabantur
1277 3757 1424 3825 Enacim.

288 3864 392 3928 otest
414 3860 630 3948 nsquehodie
653 3862 782 3948 insigne
805 3860 960 3948 oppidum
983 3861 1194 3928 Palaestinae.

371 3967 457 4033 Ader
479 3968 556 4032 urbs
578 3989 676 4052 qnam
697 3968 899 4053 expugnauit
926 3967 1015 4034 Iesus
1032 3989 1106 4053 rege
1130 3968 1217 4034 illius
1242 3968 1424 4036 interfecto.

358 4181 460 4237 20see
479 4182 561 4249 ².17·l
589 4181 666 4248 3Ios
686 4183 804 4250 ro‚4ol3
826 4203 858 4229 =
879 4187 932 4252 895
956 4185 960 4252 Ι
982 4183 1059 4238 tlon
1079 4202 1132 4249 rr,r
1157 4187 1161 4252 Ι
1183 4185 1261 4253 eloe
1281 4187 1370 4253 rm!
1396 4206 1424 4241 rr

285 4271 330 4325 les
349 4289 402 4338 ιω
423 4270 429 4337 Ι
453 4271 544 4327 relos
563 4271 659 4342 unul
682 4271 995 4342 relosrrn7119=
1014 4290 1083 4340 90‚rr
1107 4279 1113 4338 Ι
1135 4292 1166 4327 20
1191 4273 1311 4346 θήῃς]
1333 4274 1427 4343 251oe

287 4378 354 4424 rr,2r
371 4359 376 4429 Ι
392 4377 424 4428 30
441 4361 486 4416 Ios
504 4379 574 4428 upa
591 4360 640 4431 133
660 4361 705 4418 Ios
726 4379 796 4427 12,r4

1575 3934 1584 4007 l
