3218 5150
516 1078 748 1162 interpretatio
770 1076 932 1162 alphabeti
956 1075 1189 1142 Hebraeorum.

368 1257 476 1343 Aleph
498 1255 586 1322 mille
618 1256 670 1322 uel
704 1255 860 1321 doctrina.
905 1253 989 1319 Beth
1018 1255 1142 1321 domus.
1188 1251 1292 1320 Gimel
1325 1253 1419 1318 retri-

280 1362 372 1429 butio
396 1363 448 1428 uel
471 1359 649 1448 plenitudo.
696 1359 816 1425 Daleth
847 1361 1021 1445 paupertas
1050 1359 1103 1424 uel
1132 1357 1260 1423 tabulae
1281 1359 1350 1424 siue
1373 1359 1418 1422 ia-

278 1489 352 1531 nua.
398 1466 448 1532 He
471 1467 542 1551 ipsa
572 1464 623 1529 uel
654 1464 717 1527 ista
744 1464 813 1528 siue
845 1463 1033 1547 suspiciens.
1079 1462 1152 1527 Uau
1181 1462 1314 1547 etipse.
1338 1462 1417 1528 Zain

279 1570 367 1634 oliua
389 1570 439 1636 uel
464 1567 633 1633 fornicatio
656 1568 724 1632 siue
747 1567 836 1632 haec.
882 1565 969 1631 Heth
990 1566 1059 1630 uita
1076 1565 1128 1632 uel
1143 1567 1310 1632 uiuacitas.
1334 1565 1441 1639 Taths

278 1674 409 1740 bonum.
444 1673 519 1738 loth
541 1673 675 1738 scientia
693 1671 886 1757 principium
905 1673 962 1735 eut
976 1669 1167 1736 dominator.
1191 1669 1282 1756 Ceph
1305 1693 1420 1736 manus

279 1777 377 1862 palpa
399 1775 450 1842 uel
479 1776 564 1843 nola.
608 1775 743 1841 Lameth
773 1776 921 1842 doctrina
953 1775 1021 1840 siue
1047 1775 1226 1860 disciplina.
1270 1773 1356 1840 Mem
1379 1797 1420 1840 ex

278 1902 343 1965 quc
366 1881 419 1944 uel
441 1903 480 1947 ex
512 1880 591 1965 ipsis
624 1881 693 1944 siue
727 1901 839 1963 aquae.
891 1877 970 1944 Nun
1003 1877 1109 1946 foetus
1139 1881 1191 1946 uel
1220 1881 1323 1966 pisces
1351 1881 1419 1946 siue

278 1989 522 2072 sempiternum.
567 1985 702 2051 Samech
723 1987 973 2066 firmamentum,
987 1988 1063 2053 licet
1081 1987 1212 2072 quidam
1224 1989 1419 2055 erectionem

280 2091 332 2156 uel
355 2091 551 2156 adiutorium
574 2091 642 2155 siue
665 2089 821 2155 fulturam
846 2093 974 2176 putent.
1019 2091 1085 2156 Ain
1114 2091 1187 2157 tuns
1210 2093 1278 2159 siue
1299 2092 1465 2158 oculus.10

280 2195 349 2260 Phe
372 2217 423 2272 os,
447 2195 488 2258 ab
521 2215 592 2276 ore,
628 2215 695 2258 non
730 2194 771 2257 ab
802 2216 889 2272 usse,
918 2195 987 2261 siue
1016 2195 1148 2280 laqueus
1182 2196 1235 2260 uel
1263 2194 1419 2282 decipula.

279 2299 362 2367 Sada
392 2302 481 2388 regio
514 2302 582 2366 siue
615 2301 749 2366 iustitia.
802 2299 894 2386 Ceph
928 2303 1050 2368 simius.
1106 2303 1169 2369 Res
1198 2305 1306 2389 caput.
1361 2303 1419 2371 sin

282 2408 404 2473 dentes.
449 2405 543 2470 Thau
566 2406 693 2490 signum
719 2405 769 2469 uel
791 2406 911 2472 subter.

366 2579 451 2643 Item
473 2579 511 2644 de
534 2577 674 2662 epistula
696 2579 860 2645 cuiusdam
883 2577 1061 2664 Symeonis‚
1084 2581 1118 2645 in
1140 2603 1204 2666 qua
1226 2582 1290 2646 ait:

365 2682 485 2747 Decem
506 2682 584 2747 deus
607 2681 793 2747 nominibus
813 2687 957 2749 uocatur.

366 2787 494 2854 Nomen
524 2789 647 2854 domini
677 2789 898 2855 authenticum
928 2791 962 2855 in
995 2789 1136 2857 hebraeo
1172 2791 1233 2859 hoc
1260 2795 1327 2858 est:
1362 2793 1420 2860 Sa-

280 2893 393 2972 baoth,
417 2892 567 2957 dominns
589 2892 765 2970 uirtutum,
788 2893 1110 2973 commentitiae,
1141 2894 1290 2961 dominus
1312 2899 1420 2963 omnia

278 3003 403 3065 tenens.

365 3101 438 3167 Elui
461 3099 546 3165 deus.

368 3204 491 3272 Sadech
513 3205 624 3268 iustus.

366 3309 531 3378 Adonaios
553 3309 711 3374 dominus.

366 3415 405 3480 El
431 3413 535 3478 fortia

368 3519 464 3584 Elion
487 3517 638 3581 excelsus.

367 3623 526 3690 Coneacol
549 3623 762 3707 omnipotens.

367 3729 430 3794 Aia
452 3729 507 3814 qui
530 3732 601 3793 erat
623 3731 656 3792 et
678 3727 734 3812 qui
757 3728 827 3792 erit.

368 3831 561 3898 Barucebba
583 3830 773 3898 benedictus
790 3835 891 3916 pater.

367 3939 475 4004 Baruc
498 3937 694 4003 benedictus.
