3172 5160
681 441 725 490 Vt!

163 616 196 652 rn
233 595 325 652 editio
342 593 558 650 martianaeum
576 610 591 649 s
610 592 707 650 codice
726 592 851 664 parisino
868 592 1025 665 desumpta

172 705 194 756 p
233 685 322 741 codex
342 683 476 740 leidensi·
498 699 616 754 graecus
634 681 781 738 ucssianue
805 681 943 753 oblongus
967 685 1099 752 quartus,
1123 685 1276 759 inscriptus

232 772 368 843 liertiae
386 773 432 826 roi
449 773 600 844 Παμφίλου
618 772 764 826 tnmdnoo
782 775 947 841 Καισαριίας
964 771 1006 837 τῆς
1022 776 1198 842 Παλαιστίνης
1213 777 1275 848 negt

231 863 287 918 coir
303 863 418 916 smerde
436 861 579 934 ὀνομάτων
596 862 625 915 te
643 862 673 934 τῇ
690 862 754 933 θείᾳ
771 859 867 933 γραφῇ
886 901 893 914 ,
915 859 997 914 Lacr
1011 867 1274 933 nanqaomaotetoc

233 952 320 1006 editors
338 970 371 1004 ec
389 951 546 1004 bettiotteco
564 950 653 1020 regia,
682 950 727 1004 eui
743 968 775 1004 ec
796 949 909 1004 aduerso
928 952 1069 1021 respondet
1086 953 1169 1006 latina
1186 957 1274 1010 recreta

231 1033 268 1096 eff
286 1041 451 1112 fficronymi
467 1040 500 1094 de
518 1040 581 1096 oea
600 1039 729 1093 hebraicis
752 1041 841 1093 molts's
860 1040 987 1110 parthos
1005 1042 1109 1095 auctr‘or
1133 1049 1161 1096 et
1181 1063 1272 1100 eorre-

232 1131 302 1186 ctr'or
321 1149 354 1184 ea
372 1130 532 1184 tshliodsecie
547 1121 580 1182 s“
606 1129 719 1182 Uictoris
737 1133 763 1182 et
780 1129 876 1182 Iccotc'
890 1131 963 1199 Aug.
978 1130 1086 1184 itacui
1102 1171 1110 1186 .
1128 1150 1188 1186 cam
1206 1152 1272 1206 rap-

228 1221 363 1290 ptemfflto
382 1224 409 1272 et
425 1218 642 1272 annototrhmhas
659 1217 695 1272 P.
714 1218 820 1281 Berte'r',
840 1218 989 1288 geographi
1004 1223 1030 1272 ct
1041 1223 1209 1290 prosecrant
1226 1242 1272 1278 re-

229 1309 272 1379 gii
288 1348 296 1364 .
314 1325 381 1378 open
396 1308 602 1379 geographiam
628 1307 693 1376 [hoc
710 1307 880 1362 uocabulum
899 1306 1037 1377 deletum]
1062 1309 1100 1362 ad
1122 1311 1273 1383 inaugm-

232 1399 299 1452 tr'om
316 1403 343 1451 et
353 1398 557 1468 explicationem
572 1397 701 1450 librorum
716 1397 855 1467 adriaeque
867 1399 1016 1450 mamona
1024 1401 1272 1466 pernecessariam.

233 1487 325 1542 additi
344 1492 410 1540 eant
432 1487 533 1541 iudicer
555 1487 675 1542 hebraici
694 1488 787 1557 graeci
809 1487 888 1540 aaut
903 1504 963 1540 cam
988 1487 1084 1542 tehsslr'e
1101 1527 1108 1543 .
1127 1489 1225 1547 inueni
1243 1491 1272 1548 iu

230 1576 330 1632 codiee
347 1576 448 1632 folium
465 1575 523 1632 elia
540 1593 626 1632 manu
644 1573 812 1646 inscriptum
831 1574 874 1630 ite.
893 1574 927 1628 P.
943 1575 1034 1630 Bertii
1049 1581 1234 1650 cosowproptr'
1248 1588 1274 1634 et

227 1666 399 1737 professoris
416 1665 487 1736 regii
503 1665 536 1718 de
554 1665 618 1719 locis
636 1665 766 1718 hebraicis
782 1681 829 1718 cea
849 1669 921 1718 terro
940 1664 1070 1718 Otanoon
1090 1705 1097 1720 .
1115 1685 1181 1738 opus
1192 1676 1270 1740 post-

231 1755 352 1820 tamam,
375 1761 402 1809 et
419 1755 453 1808 ot
470 1755 527 1825 ipso
545 1771 599 1808 oon
617 1753 775 1818 absolutam,
797 1759 823 1807 et
840 1771 858 1807 o
876 1755 929 1808 dno
945 1753 1273 1827 Manegneintetrac'ed

231 1844 327 1914 ὶὰιᾳυά
339 1847 496 1915 prosecrare
514 1844 588 1914 repsi>
606 1861 704 1913 maone
722 1842 812 1898 aceto
830 1859 863 1898 ac
881 1841 972 1896 latore
988 1847 1161 1916 perfectam.
1178 1847 1222 1904 ita
1239 1851 1273 1904 ut

230 1951 287 1990 non
307 1935 419 2002 liqueat
435 1935 532 1989 utrum
550 1932 638 1988 codex
656 1949 742 1988 mauu
760 1928 852 1988 Bertii
869 1949 906 1986 an
920 1932 1041 1990 inserui
1056 1933 1134 1991 illius
1151 1938 1273 2010 scriptus

230 2023 294 2079 sit:
315 2025 445 2080 neutum
461 2023 538 2079 noui.
580 2022 611 2078 cf
626 2022 764 2093 scaligeri
781 2022 917 2092 epistulas
936 2025 989 2078 355
1008 2025 1070 2079 357.

168 2113 195 2168 V
232 2111 531 2169 DominicueVallarsi
543 2111 573 2166 in
586 2111 710 2168 editione
723 2110 888 2180 Hieronymi
907 2111 956 2177 111,
975 2111 1055 2168 cuius
1072 2115 1270 2185 repetitionem

231 2205 346 2258 tantm
364 2202 457 2257 habeo
474 2202 615 2258 nenetem.

176 2310 196 2346 v
232 2290 324 2346 editio
341 2290 523 2346 ualiarsiane.

174 2399 195 2434 x
231 2380 319 2436 codex
338 2379 487 2451 parisinus.

175 2487 196 2538 y
232 2468 320 2524 codex
340 2468 499 2523 uaticanus.

192 2558 245 2614 hos
262 2559 350 2614 testes
368 2557 488 2612 adhibui
506 2557 549 2614 ita
567 2559 600 2613 ut
617 2558 658 2628 bp
676 2557 888 2614 adcuratiesime
903 2559 1058 2616 conferrem
1070 2562 1204 2636 integros,
1222 2585 1269 2624 mv

115 2647 292 2718 inspicerem
310 2647 361 2702 ubi
379 2645 549 2716 inspiciendi
567 2663 626 2702 osse
645 2645 716 2701 mihi
734 2645 914 2713 raderentur,
941 2649 1033 2706 latina
1056 2669 1106 2708 nec
1131 2654 1161 2710 in
1182 2657 1199 2710 b
1217 2675 1269 2713 nec

116 2739 149 2792 in
168 2755 189 2808 p
207 2753 345 2802 curarem,
363 2735 595 2792 commentarium
606 2735 697 2792 Bertii
714 2735 907 2791 doctissimum
926 2741 957 2794 et
969 2739 1060 2795 bonae
1071 2741 1161 2814 turgis
1173 2745 1204 2800 ni
1216 2745 1269 2802 tal·

117 2828 165 2882 lor
183 2826 378 2897 plenimimnm
396 2826 562 2896 plerumque
580 2824 760 2895 neglegsrem
779 2865 786 2879 .
805 2843 871 2881 nam
891 2829 921 2882 et
938 2826 1105 2884 hebesceute
1124 2833 1268 2890 oculorum

115 2917 183 2972 acie
207 2915 246 2971 ad
263 2915 373 2971 mucra
394 2914 565 2972 reseruande
591 2915 712 2970 uetabat
737 2914 776 2970 ad
799 2915 873 2971 hanc
899 2915 1082 2988 scriptionem
1104 2920 1268 2980 distinctam
1339 2983 1343 2992 ,

115 3006 238 3076 quidem
261 3005 310 3062 sed
328 3006 468 3062 minutum
486 3008 516 3063 et
533 3005 683 3062 euanidam
701 3005 864 3061 incumbere
882 3023 974 3076 neque
994 3010 1184 3080 geographiae
1202 3031 1269 3085 ope-

116 3115 183 3152 ram
200 3095 323 3162 dabam,
349 3096 399 3152 sed
416 3096 574 3152 tersionem
592 3095 707 3151 mnonis
726 3094 832 3151 iudaici
850 3113 982 3168 graecam
1000 3097 1128 3154 editurus
1145 3101 1270 3159 rimabar

116 3201 178 3253 quo
196 3182 280 3238 modo
297 3183 409 3239 saeculo
428 3184 531 3252 quarto
550 3182 666 3239 uomina
684 3182 800 3253 propria
818 3183 849 3238 in
868 3200 902 3238 ea
920 3184 1007 3239 obuia
1024 3186 1131 3256 scripta
1148 3193 1250 3246 eseent.

193 3275 251 3328 iam
270 3272 404 3330 breuibus
422 3271 538 3328 artificii
558 3271 651 3328 critici
670 3289 808 3326 summam
826 3272 1069 3342 comprehendam.
1099 3293 1114 3332 e
1133 3295 1268 3337 consensu

115 3363 238 3420 testium
257 3362 325 3433 bmp
343 3361 466 3418 efficitur
484 3361 554 3430 quid
573 3361 603 3416 in
621 3379 640 3416 x
659 3361 780 3432 legetur,
799 3361 842 3416 ita
860 3364 893 3417 ut
911 3361 960 3432 qui
978 3380 997 3418 x
1015 3363 1267 3442 habeatillisbmp

115 3469 216 3508 cerere
235 3451 325 3522 possit
343 3492 350 3506 .
367 3469 407 3520 ry
425 3452 477 3506 aut
493 3467 528 3506 ex
546 3449 645 3507 eodem
656 3449 735 3506 tonte
748 3450 933 3506 deriuatiant
951 3469 979 3518 x,
997 3452 1074 3521 quod
1091 3457 1268 3525 probabilius

116 3543 178 3606 eet,
195 3557 232 3595 er
249 3539 311 3610 ipso
329 3538 462 3594 uaticano
481 3537 638 3609 descriptus
658 3538 715 3604 est,
735 3537 778 3594 ita
796 3538 829 3592 ut
846 3537 897 3606 qui
914 3557 934 3608 y
952 3539 1117 3607 contulerit,
1136 3545 1164 3600 ci
1182 3565 1200 3602 n
1219 3566 1266 3603 cu·

115 3647 182 3684 rare
200 3645 257 3685 non
275 3629 314 3683 sit
331 3627 517 3686 neceesarium
536 3668 543 3682 .
562 3643 635 3697 quae
655 3645 674 3697 p
692 3626 811 3697 praebet
832 3627 881 3683 uel
903 3645 967 3682 cum
985 3629 1157 3702 Hieronymo
1175 3637 1267 3708 magis

117 3736 207 3788 quam
232 3719 251 3774 b
275 3735 397 3774 consona
425 3718 472 3773 uel
502 3717 539 3774 ad
574 3716 729 3774 editionem
758 3715 922 3772 hebraicam
949 3718 1065 3789 propius
1094 3724 1266 3793 accedentia,

116 3809 295 3864 coniecturas
320 3806 412 3862 Bertii
435 3823 493 3863 esse
516 3806 575 3862 scio
598 3806 686 3862 tacite
711 3805 880 3876 scripturam
902 3806 1005 3862 codicis
1029 3826 1047 3864 r
1072 3828 1129 3879 quc
1152 3814 1211 3870 solo
1234 3816 1265 3871 in

116 3897 228 3970 graecis
246 3897 383 3952 utebatur
399 3894 537 3952 mutantis
556 3936 562 3950 .
581 3912 646 3952 cum
664 3895 699 3951 de
718 3895 850 3951 uaticano
869 3894 965 3952 codice
983 3897 1150 3956 conferendo
1168 3903 1265 3974 despe-

116 3985 240 4040 randum
258 3985 330 4042 mihi
348 3987 431 4052 esset,
446 3984 538 4056 petiui
556 3986 590 4040 ut
601 3983 743 4056 parisinus
754 3984 851 4055 legata
862 3983 938 4056 regie
950 3985 1038 4041 nostri
1050 4003 1182 4058 sponsore
1193 3991 1263 4046 mihi

116 4073 308 4130 mitteretur.
335 4073 384 4130 sed
409 4090 466 4144 quo
491 4075 618 4144 tempore
643 4072 714 4129 haec
739 4071 831 4127 scribo
855 4088 891 4128 ne
909 4088 1072 4144 responsum
1090 4077 1205 4144 quidem
1225 4081 1263 4136 ad

115 4163 229 4218 litteras
248 4165 318 4218 est:
343 4179 429 4233 quam
446 4161 587 4218 inuidiam
604 4159 628 4216 ei
647 4159 725 4218 Galli
741 4178 771 4217 se
790 4159 888 4216 decere
907 4159 1098 4228 arbitrantur,
1116 4163 1262 4226 falluntur.

190 4254 320 4323 superest
337 4253 370 4307 ut
386 4252 477 4308 tentis
487 4251 517 4306 in
529 4252 583 4307 hoc
598 4249 742 4307 uolumine
755 4248 895 4320 angustiis
909 4251 1122 4322 typographicis
1137 4271 1262 4326 pressum

114 4361 163 4398 me
181 4359 240 4397 eme
257 4342 352 4398 dicem
371 4341 485 4410 quantis
502 4357 638 4410 umquam
655 4341 745 4396 autea
765 4355 810 4393 me
832 4337 1030 4394 circumueniri
1048 4357 1104 4397 non
1122 4347 1236 4403 memini
1255 4389 1261 4404 .
