<?xml version="1.0" encoding="UTF-8"?>
<!DOCTYPE html PUBLIC "-//W3C//DTD XHTML 1.0 Transitional//EN"
    "http://www.w3.org/TR/xhtml1/DTD/xhtml1-transitional.dtd">
<html xmlns="http://www.w3.org/1999/xhtml" xml:lang="en" lang="en">
 <head>
  <title>
</title>
<meta http-equiv="Content-Type" content="text/html;charset=utf-8" />
  <meta name='ocr-system' content='tesseract 3.04.00' />
  <meta name='ocr-capabilities' content='ocr_page ocr_carea ocr_par ocr_line ocrx_word'/>
</head>
<body>
  <div class='ocr_page' id='page_1' title='image "./onomasticasacra00lagagoog/onomasticasacra00lagagoog_0111.png"; bbox 0 0 3218 5150; ppageno 0'>
   <div class='ocr_carea' id='block_1_1' title="bbox 824 437 884 504">
    <p class='ocr_par' dir='ltr' id='par_1_1' title="bbox 824 437 884 504">
     <span class='ocr_line' id='line_1_1' title="bbox 824 437 884 504; baseline -0.033 0"><span class='ocrx_word' id='word_1_1' title='bbox 824 437 884 504; x_wconf 88' lang='lat'><strong><em>100</em></strong></span> 
     </span>
    </p>
   </div>
   <div class='ocr_carea' id='block_1_2' title="bbox 284 607 1513 3928">
    <p class='ocr_par' dir='ltr' id='par_1_2' title="bbox 287 607 1481 1320">
     <span class='ocr_line' id='line_1_2' title="bbox 287 607 1470 696; baseline -0.003 -17"><span class='ocrx_word' id='word_1_2' title='bbox 287 611 519 696; x_wconf 74' lang='lat' dir='ltr'><strong><em>fabricabante</em></strong></span> <span class='ocrx_word' id='word_1_3' title='bbox 545 609 701 693; x_wconf 68' lang='lat' dir='ltr'><strong><em>sariam</em></strong></span> <span class='ocrx_word' id='word_1_4' title='bbox 725 609 868 676; x_wconf 76' lang='lat' dir='ltr'><strong><em>Hebraei</em></strong></span> <span class='ocrx_word' id='word_1_5' title='bbox 892 611 1107 693; x_wconf 72' lang='lat' dir='ltr'><strong><em>ansusionem</em></strong></span> <span class='ocrx_word' id='word_1_6' title='bbox 1125 607 1215 676; x_wconf 89' lang='lat' dir='ltr'><strong><em>babel</em></strong></span> <span class='ocrx_word' id='word_1_7' title='bbox 1240 617 1368 677; x_wconf 83' lang='lat' dir='ltr'><strong><em>norant.</em></strong></span> <span class='ocrx_word' id='word_1_8' title='bbox 1394 612 1433 676; x_wconf 84' lang='lat' dir='ltr'><strong><em>de</em></strong></span> <span class='ocrx_word' id='word_1_9' title='bbox 1460 633 1470 666; x_wconf 79' lang='grc' dir='ltr'><strong><em>ι</em></strong></span> 
     </span>
     <span class='ocr_line' id='line_1_3' title="bbox 288 713 1435 799; baseline -0.002 -16"><span class='ocrx_word' id='word_1_10' title='bbox 288 717 349 783; x_wconf 80' lang='lat' dir='ltr'><strong><em>tae</em></strong></span> <span class='ocrx_word' id='word_1_11' title='bbox 371 717 457 783; x_wconf 84' lang='lat' dir='ltr'><strong><em>turri</em></strong></span> <span class='ocrx_word' id='word_1_12' title='bbox 481 721 512 780; x_wconf 91' lang='lat' dir='ltr'><strong><em>et</em></strong></span> <span class='ocrx_word' id='word_1_13' title='bbox 529 714 717 780; x_wconf 82' lang='lat' dir='ltr'><strong><em>diuersitate</em></strong></span> <span class='ocrx_word' id='word_1_14' title='bbox 740 713 927 799; x_wconf 79' lang='lat' dir='ltr'><strong><em>linguarum</em></strong></span> <span class='ocrx_word' id='word_1_15' title='bbox 948 715 1061 780; x_wconf 77' lang='lat' dir='ltr'><strong><em>scribit</em></strong></span> <span class='ocrx_word' id='word_1_16' title='bbox 1083 720 1114 779; x_wconf 91' lang='lat' dir='ltr'><strong><em>et</em></strong></span> <span class='ocrx_word' id='word_1_17' title='bbox 1134 713 1262 798; x_wconf 78' lang='lat' dir='ltr'><strong><em>Sibylla</em></strong></span> <span class='ocrx_word' id='word_1_18' title='bbox 1283 717 1319 780; x_wconf 90' lang='lat' dir='ltr'><strong><em>in</em></strong></span> <span class='ocrx_word' id='word_1_19' title='bbox 1350 715 1435 781; x_wconf 86' lang='lat' dir='ltr'><strong><em>bnne</em></strong></span> 
     </span>
     <span class='ocr_line' id='line_1_4' title="bbox 287 819 1434 903; baseline -0.002 -17"><span class='ocrx_word' id='word_1_20' title='bbox 287 820 415 886; x_wconf 86' lang='lat' dir='ltr'><strong><em>modum</em></strong></span> <span class='ocrx_word' id='word_1_21' title='bbox 436 838 529 903; x_wconf 87' lang='lat' dir='ltr'><strong><em>„enm</em></strong></span> <span class='ocrx_word' id='word_1_22' title='bbox 544 837 650 884; x_wconf 87' lang='lat' dir='ltr'><strong><em>omnes</em></strong></span> <span class='ocrx_word' id='word_1_23' title='bbox 670 819 822 884; x_wconf 77' lang='lat' dir='ltr'><em>mortales</em></span> <span class='ocrx_word' id='word_1_24' title='bbox 843 839 910 884; x_wconf 90' lang='lat' dir='ltr'><strong><em>nna</em></strong></span> <span class='ocrx_word' id='word_1_25' title='bbox 928 819 1040 902; x_wconf 75' lang='lat' dir='ltr'><strong><em>lingna</em></strong></span> <span class='ocrx_word' id='word_1_26' title='bbox 1060 825 1236 896; x_wconf 70' lang='lat' dir='ltr'><strong><em>utaentur,</em></strong></span> <span class='ocrx_word' id='word_1_27' title='bbox 1250 819 1380 900; x_wconf 70' lang='grc' dir='ltr'><em>ᾳυίάαω</em></span> <span class='ocrx_word' id='word_1_28' title='bbox 1394 840 1434 885; x_wconf 82' lang='lat' dir='ltr'><strong><em>ea</em></strong></span> 
     </span>
     <span class='ocr_line' id='line_1_5' title="bbox 288 923 1481 1006; baseline 0.002 -17"><span class='ocrx_word' id='word_1_29' title='bbox 288 925 339 990; x_wconf 86' lang='lat' dir='ltr'><strong><em>bis</em></strong></span> <span class='ocrx_word' id='word_1_30' title='bbox 356 924 547 990; x_wconf 85' lang='lat' dir='ltr'><strong><em>altissimam</em></strong></span> <span class='ocrx_word' id='word_1_31' title='bbox 568 923 780 1004; x_wconf 73' lang='lat' dir='ltr'><strong><em>aedifioanere</em></strong></span> <span class='ocrx_word' id='word_1_32' title='bbox 803 924 929 1003; x_wconf 84' lang='lat' dir='ltr'><strong><em>turrim,</em></strong></span> <span class='ocrx_word' id='word_1_33' title='bbox 958 923 1075 988; x_wconf 84' lang='lat' dir='ltr'><strong><em>eoelum</em></strong></span> <span class='ocrx_word' id='word_1_34' title='bbox 1090 943 1154 1004; x_wconf 82' lang='lat' dir='ltr'><strong><em>per</em></strong></span> <span class='ocrx_word' id='word_1_35' title='bbox 1184 943 1255 988; x_wconf 88' lang='lat' dir='ltr'><strong><em>eam</em></strong></span> <span class='ocrx_word' id='word_1_36' title='bbox 1273 927 1435 1006; x_wconf 82' lang='lat' dir='ltr'><strong><em>cupientes</em></strong></span> <span class='ocrx_word' id='word_1_37' title='bbox 1477 981 1481 991; x_wconf 95' lang='lat'>.</span> 
     </span>
     <span class='ocr_line' id='line_1_6' title="bbox 287 1027 1473 1108; baseline 0.001 -14"><span class='ocrx_word' id='word_1_38' title='bbox 287 1028 457 1094; x_wconf 76' lang='lat' dir='ltr'><strong><em>scandere:</em></strong></span> <span class='ocrx_word' id='word_1_39' title='bbox 472 1027 524 1092; x_wconf 85' lang='lat' dir='ltr'><strong><em>dei</em></strong></span> <span class='ocrx_word' id='word_1_40' title='bbox 535 1046 612 1091; x_wconf 88' lang='lat' dir='ltr'><strong><em>nero</em></strong></span> <span class='ocrx_word' id='word_1_41' title='bbox 634 1027 778 1092; x_wconf 78' lang='lat' dir='ltr'><strong><em>turbines</em></strong></span> <span class='ocrx_word' id='word_1_42' title='bbox 791 1033 963 1108; x_wconf 81' lang='lat' dir='ltr'><strong><em>uentosque</em></strong></span> <span class='ocrx_word' id='word_1_43' title='bbox 977 1028 1152 1093; x_wconf 76' lang='lat' dir='ltr'><strong><em>mittentes</em></strong></span> <span class='ocrx_word' id='word_1_44' title='bbox 1163 1034 1303 1094; x_wconf 78' lang='lat' dir='ltr'><strong><em>eonrtere</em></strong></span> <span class='ocrx_word' id='word_1_45' title='bbox 1318 1029 1435 1094; x_wconf 81' lang='lat' dir='ltr'><strong><em>tierrim</em></strong></span> <span class='ocrx_word' id='word_1_46' title='bbox 1460 1055 1473 1104; x_wconf 76' lang='grc' dir='ltr'>ς</span> 
     </span>
     <span class='ocr_line' id='line_1_7' title="bbox 289 1131 1434 1216; baseline 0.002 -18"><span class='ocrx_word' id='word_1_47' title='bbox 289 1138 320 1199; x_wconf 90' lang='lat' dir='ltr'><strong><em>et</em></strong></span> <span class='ocrx_word' id='word_1_48' title='bbox 328 1133 504 1214; x_wconf 82' lang='lat' dir='ltr'><strong><em>propriam</em></strong></span> <span class='ocrx_word' id='word_1_49' title='bbox 525 1137 619 1212; x_wconf 77' lang='lat' dir='ltr'><strong><em>atone</em></strong></span> <span class='ocrx_word' id='word_1_50' title='bbox 645 1131 808 1196; x_wconf 82' lang='lat' dir='ltr'><strong><em>diuersam</em></strong></span> <span class='ocrx_word' id='word_1_51' title='bbox 821 1131 960 1196; x_wconf 83' lang='lat' dir='ltr'><strong><em>tribuere</em></strong></span> <span class='ocrx_word' id='word_1_52' title='bbox 978 1133 1150 1214; x_wconf 78' lang='lat' dir='ltr'><strong><em>anianique</em></strong></span> <span class='ocrx_word' id='word_1_53' title='bbox 1171 1131 1324 1216; x_wconf 76' lang='lat' dir='ltr'><strong><em>lingnam,</em></strong></span> <span class='ocrx_word' id='word_1_54' title='bbox 1349 1135 1434 1200; x_wconf 59' lang='lat' dir='ltr'><strong><em>nn&amp;</em></strong></span> 
     </span>
     <span class='ocr_line' id='line_1_8' title="bbox 287 1234 1124 1320; baseline -0.004 -18"><span class='ocrx_word' id='word_1_55' title='bbox 287 1237 396 1302; x_wconf 87' lang='lat' dir='ltr'><strong><em>arbem</em></strong></span> <span class='ocrx_word' id='word_1_56' title='bbox 418 1255 541 1318; x_wconf 79' lang='lat' dir='ltr'><strong><em>quoqne</em></strong></span> <span class='ocrx_word' id='word_1_57' title='bbox 557 1234 719 1316; x_wconf 82' lang='lat' dir='ltr'><strong><em>adpellari</em></strong></span> <span class='ocrx_word' id='word_1_58' title='bbox 741 1235 873 1318; x_wconf 77' lang='lat' dir='ltr'><strong><em>contigit</em></strong></span> <span class='ocrx_word' id='word_1_59' title='bbox 892 1235 1124 1320; x_wconf 83' lang='lat' dir='ltr'><strong><em>Babylonem“.</em></strong></span> 
     </span>
    </p>

    <p class='ocr_par' dir='ltr' id='par_1_3' title="bbox 285 1337 1474 2885">
     <span class='ocr_line' id='line_1_9' title="bbox 374 1337 1432 1424; baseline -0.001 -20"><span class='ocrx_word' id='word_1_60' title='bbox 374 1339 488 1406; x_wconf 85' lang='lat' dir='ltr'><strong><em>Bethel</em></strong></span> <span class='ocrx_word' id='word_1_61' title='bbox 511 1339 601 1404; x_wconf 86' lang='lat' dir='ltr'><strong><em>uiuus</em></strong></span> <span class='ocrx_word' id='word_1_62' title='bbox 622 1339 658 1403; x_wconf 93' lang='lat' dir='ltr'><strong><em>in</em></strong></span> <span class='ocrx_word' id='word_1_63' title='bbox 680 1338 870 1404; x_wconf 84' lang='lat' dir='ltr'><strong><em>duodecimo</em></strong></span> <span class='ocrx_word' id='word_1_64' title='bbox 892 1339 933 1403; x_wconf 95' lang='lat' dir='ltr'><strong><em>ab</em></strong></span> <span class='ocrx_word' id='word_1_65' title='bbox 956 1338 1056 1404; x_wconf 86' lang='lat' dir='ltr'><strong><em>Aelia</em></strong></span> <span class='ocrx_word' id='word_1_66' title='bbox 1076 1337 1184 1424; x_wconf 88' lang='lat' dir='ltr'><strong><em>lapide</em></strong></span> <span class='ocrx_word' id='word_1_67' title='bbox 1206 1338 1245 1404; x_wconf 85' lang='lat' dir='ltr'><strong><em>ed</em></strong></span> <span class='ocrx_word' id='word_1_68' title='bbox 1268 1337 1432 1403; x_wconf 86' lang='lat' dir='ltr'><strong><em>dexteram</em></strong></span> 
     </span>
     <span class='ocr_line' id='line_1_10' title="bbox 288 1441 1429 1528; baseline -0.002 -18"><span class='ocrx_word' id='word_1_69' title='bbox 288 1443 439 1510; x_wconf 87' lang='lat' dir='ltr'><strong><em>euntibus</em></strong></span> <span class='ocrx_word' id='word_1_70' title='bbox 461 1441 649 1527; x_wconf 79' lang='lat' dir='ltr'><strong><em>Neapolim,</em></strong></span> <span class='ocrx_word' id='word_1_71' title='bbox 673 1463 756 1526; x_wconf 89' lang='lat' dir='ltr'><strong><em>qnae</em></strong></span> <span class='ocrx_word' id='word_1_72' title='bbox 785 1443 926 1528; x_wconf 87' lang='lat' dir='ltr'><strong><em>primum</em></strong></span> <span class='ocrx_word' id='word_1_73' title='bbox 953 1441 1059 1522; x_wconf 85' lang='lat' dir='ltr'><strong><em>Lana,</em></strong></span> <span class='ocrx_word' id='word_1_74' title='bbox 1090 1445 1122 1510; x_wconf 91' lang='lat' dir='ltr'><strong><em>id</em></strong></span> <span class='ocrx_word' id='word_1_75' title='bbox 1151 1445 1201 1508; x_wconf 87' lang='lat' dir='ltr'><strong><em>eet</em></strong></span> <span class='ocrx_word' id='word_1_76' title='bbox 1229 1443 1429 1527; x_wconf 79' lang='lat' dir='ltr'><strong><em>amygdalon,</em></strong></span> 
     </span>
     <span class='ocr_line' id='line_1_11' title="bbox 287 1545 1469 1626; baseline -0.003 -12"><span class='ocrx_word' id='word_1_77' title='bbox 287 1547 465 1614; x_wconf 79' lang='lat' dir='ltr'><strong><em>nocebatur</em></strong></span> <span class='ocrx_word' id='word_1_78' title='bbox 486 1551 520 1611; x_wconf 88' lang='lat' dir='ltr'><strong><em>et</em></strong></span> <span class='ocrx_word' id='word_1_79' title='bbox 532 1547 647 1611; x_wconf 85' lang='lat' dir='ltr'><strong><em>cecidit</em></strong></span> <span class='ocrx_word' id='word_1_80' title='bbox 660 1547 695 1611; x_wconf 90' lang='lat' dir='ltr'><strong><em>in</em></strong></span> <span class='ocrx_word' id='word_1_81' title='bbox 709 1551 829 1612; x_wconf 89' lang='lat' dir='ltr'><strong><em>sortem</em></strong></span> <span class='ocrx_word' id='word_1_82' title='bbox 851 1548 956 1613; x_wconf 88' lang='lat' dir='ltr'><strong><em>tribus</em></strong></span> <span class='ocrx_word' id='word_1_83' title='bbox 971 1547 1151 1626; x_wconf 83' lang='lat' dir='ltr'><strong><em>Beniamin,</em></strong></span> <span class='ocrx_word' id='word_1_84' title='bbox 1172 1548 1263 1612; x_wconf 87' lang='lat' dir='ltr'><strong><em>iuxta</em></strong></span> <span class='ocrx_word' id='word_1_85' title='bbox 1279 1545 1431 1612; x_wconf 82' lang='lat' dir='ltr'><strong><em>Bethana</em></strong></span> <span class='ocrx_word' id='word_1_86' title='bbox 1439 1568 1469 1602; x_wconf 79' lang='grc' dir='ltr'><strong><em>ιο</em></strong></span> 
     </span>
     <span class='ocr_line' id='line_1_12' title="bbox 288 1650 1431 1737; baseline -0.002 -19"><span class='ocrx_word' id='word_1_87' title='bbox 288 1658 322 1719; x_wconf 89' lang='lat' dir='ltr'><strong><em>et</em></strong></span> <span class='ocrx_word' id='word_1_88' title='bbox 344 1651 414 1730; x_wconf 81' lang='lat' dir='ltr'><strong><em>Gai,</em></strong></span> <span class='ocrx_word' id='word_1_89' title='bbox 439 1672 536 1737; x_wconf 89' lang='lat' dir='ltr'><strong><em>qnam</em></strong></span> <span class='ocrx_word' id='word_1_90' title='bbox 560 1652 763 1736; x_wconf 83' lang='lat' dir='ltr'><strong><em>expugnauit</em></strong></span> <span class='ocrx_word' id='word_1_91' title='bbox 783 1650 874 1716; x_wconf 83' lang='lat' dir='ltr'><strong><em>lesus</em></strong></span> <span class='ocrx_word' id='word_1_92' title='bbox 897 1673 974 1736; x_wconf 88' lang='lat' dir='ltr'><strong><em>rege</em></strong></span> <span class='ocrx_word' id='word_1_93' title='bbox 994 1653 1082 1718; x_wconf 87' lang='lat' dir='ltr'><strong><em>illins</em></strong></span> <span class='ocrx_word' id='word_1_94' title='bbox 1104 1651 1285 1717; x_wconf 78' lang='lat' dir='ltr'><strong><em>interfecto.</em></strong></span> <span class='ocrx_word' id='word_1_95' title='bbox 1331 1672 1431 1736; x_wconf 85' lang='lat' dir='ltr'><strong><em>porro</em></strong></span> 
     </span>
     <span class='ocr_line' id='line_1_13' title="bbox 287 1755 1433 1842; baseline -0.002 -20"><span class='ocrx_word' id='word_1_96' title='bbox 287 1759 374 1842; x_wconf 91' lang='lat' dir='ltr'><strong><em>qnod</em></strong></span> <span class='ocrx_word' id='word_1_97' title='bbox 404 1755 535 1841; x_wconf 89' lang='lat' dir='ltr'><strong><em>quidam</em></strong></span> <span class='ocrx_word' id='word_1_98' title='bbox 569 1757 687 1841; x_wconf 84' lang='lat' dir='ltr'><strong><em>putant</em></strong></span> <span class='ocrx_word' id='word_1_99' title='bbox 724 1756 900 1821; x_wconf 85' lang='lat' dir='ltr'><strong><em>seeundum</em></strong></span> <span class='ocrx_word' id='word_1_100' title='bbox 930 1777 1070 1822; x_wconf 85' lang='lat' dir='ltr'><strong><em>errorem</em></strong></span> <span class='ocrx_word' id='word_1_101' title='bbox 1108 1777 1299 1841; x_wconf 80' lang='lat' dir='ltr'><strong><em>graecorum</em></strong></span> <span class='ocrx_word' id='word_1_102' title='bbox 1338 1757 1433 1822; x_wconf 88' lang='lat' dir='ltr'><strong><em>uolu-</em></strong></span> 
     </span>
     <span class='ocr_line' id='line_1_14' title="bbox 287 1858 1430 1945; baseline -0.003 -18"><span class='ocrx_word' id='word_1_103' title='bbox 287 1862 410 1927; x_wconf 88' lang='lat' dir='ltr'><strong><em>minum</em></strong></span> <span class='ocrx_word' id='word_1_104' title='bbox 433 1858 621 1924; x_wconf 88' lang='lat' dir='ltr'><strong><em>Ulammaus</em></strong></span> <span class='ocrx_word' id='word_1_105' title='bbox 636 1859 818 1944; x_wconf 84' lang='lat' dir='ltr'><strong><em>antiquitus</em></strong></span> <span class='ocrx_word' id='word_1_106' title='bbox 837 1863 1068 1945; x_wconf 81' lang='lat' dir='ltr'><strong><em>nuncupatam,</em></strong></span> <span class='ocrx_word' id='word_1_107' title='bbox 1091 1862 1299 1926; x_wconf 86' lang='lat' dir='ltr'><strong><em>uehementer</em></strong></span> <span class='ocrx_word' id='word_1_108' title='bbox 1309 1865 1430 1926; x_wconf 87' lang='lat' dir='ltr'><strong><em>errant.</em></strong></span> 
     </span>
     <span class='ocr_line' id='line_1_15' title="bbox 287 1962 1430 2051; baseline 0 -21"><span class='ocrx_word' id='word_1_109' title='bbox 287 1967 422 2032; x_wconf 86' lang='lat' dir='ltr'><strong><em>uerbum</em></strong></span> <span class='ocrx_word' id='word_1_110' title='bbox 444 1965 565 2049; x_wconf 90' lang='lat' dir='ltr'><strong><em>qnippe</em></strong></span> <span class='ocrx_word' id='word_1_111' title='bbox 587 1962 761 2029; x_wconf 85' lang='lat' dir='ltr'><strong><em>hebraeum</em></strong></span> <span class='ocrx_word' id='word_1_112' title='bbox 783 1968 817 2032; x_wconf 85' lang='lat' dir='ltr'><strong><em>eb</em></strong></span> <span class='ocrx_word' id='word_1_113' title='bbox 838 1986 958 2030; x_wconf 89' lang='lat' dir='ltr'><strong><em>nomeu</em></strong></span> <span class='ocrx_word' id='word_1_114' title='bbox 980 1965 1082 2051; x_wconf 86' lang='lat' dir='ltr'><strong><em>ipsine</em></strong></span> <span class='ocrx_word' id='word_1_115' title='bbox 1103 1966 1291 2030; x_wconf 79' lang='lat' dir='ltr'><strong><em>ciuitatulue</em></strong></span> <span class='ocrx_word' id='word_1_116' title='bbox 1307 1967 1430 2051; x_wconf 86' lang='lat' dir='ltr'><strong><em>pariter</em></strong></span> 
     </span>
     <span class='ocr_line' id='line_1_16' title="bbox 287 2068 1471 2154; baseline 0.001 -19"><span class='ocrx_word' id='word_1_117' title='bbox 287 2071 496 2146; x_wconf 83' lang='lat' dir='ltr'><strong><em>miscuerunt,</em></strong></span> <span class='ocrx_word' id='word_1_118' title='bbox 519 2090 593 2133; x_wconf 90' lang='lat' dir='ltr'><strong><em>eum</em></strong></span> <span class='ocrx_word' id='word_1_119' title='bbox 612 2068 700 2132; x_wconf 89' lang='lat' dir='ltr'><strong><em>nlam</em></strong></span> <span class='ocrx_word' id='word_1_120' title='bbox 723 2068 885 2153; x_wconf 82' lang='lat' dir='ltr'><strong><em>signifieat</em></strong></span> <span class='ocrx_word' id='word_1_121' title='bbox 907 2070 1010 2154; x_wconf 84' lang='lat' dir='ltr'><strong><em>prius,</em></strong></span> <span class='ocrx_word' id='word_1_122' title='bbox 1033 2069 1140 2136; x_wconf 89' lang='lat' dir='ltr'><strong><em>idest</em></strong></span> <span class='ocrx_word' id='word_1_123' title='bbox 1168 2069 1334 2154; x_wconf 74' lang='grc' dir='ltr'><strong><em>πρότερον,</em></strong></span> <span class='ocrx_word' id='word_1_124' title='bbox 1357 2070 1430 2134; x_wconf 84' lang='lat' dir='ltr'><strong><em>luna</em></strong></span> <span class='ocrx_word' id='word_1_125' title='bbox 1445 2085 1471 2136; x_wconf 78' lang='lat'><strong><em>15</em></strong></span> 
     </span>
     <span class='ocr_line' id='line_1_17' title="bbox 287 2173 1430 2259; baseline 0 -21"><span class='ocrx_word' id='word_1_126' title='bbox 287 2196 365 2240; x_wconf 91' lang='lat' dir='ltr'><strong><em>uero</em></strong></span> <span class='ocrx_word' id='word_1_127' title='bbox 388 2173 594 2258; x_wconf 82' lang='lat' dir='ltr'><strong><em>amygdalon,</em></strong></span> <span class='ocrx_word' id='word_1_128' title='bbox 618 2176 651 2238; x_wconf 85' lang='lat' dir='ltr'><strong><em>et</em></strong></span> <span class='ocrx_word' id='word_1_129' title='bbox 664 2173 707 2237; x_wconf 85' lang='lat' dir='ltr'><strong><em>sit</em></strong></span> <span class='ocrx_word' id='word_1_130' title='bbox 729 2193 858 2238; x_wconf 87' lang='lat' dir='ltr'><strong><em>seusus:</em></strong></span> <span class='ocrx_word' id='word_1_131' title='bbox 881 2174 1058 2240; x_wconf 87' lang='lat' dir='ltr'><strong><em>uocabatur</em></strong></span> <span class='ocrx_word' id='word_1_132' title='bbox 1080 2177 1189 2239; x_wconf 86' lang='lat' dir='ltr'><strong><em>autem</em></strong></span> <span class='ocrx_word' id='word_1_133' title='bbox 1210 2173 1328 2240; x_wconf 87' lang='lat' dir='ltr'><strong><em>Bethel</em></strong></span> <span class='ocrx_word' id='word_1_134' title='bbox 1340 2175 1430 2259; x_wconf 88' lang='lat' dir='ltr'><strong><em>prius</em></strong></span> 
     </span>
     <span class='ocr_line' id='line_1_18' title="bbox 287 2276 1429 2364; baseline 0.001 -22"><span class='ocrx_word' id='word_1_135' title='bbox 287 2276 383 2344; x_wconf 84' lang='lat' dir='ltr'><strong><em>Luna.</em></strong></span> <span class='ocrx_word' id='word_1_136' title='bbox 428 2299 487 2344; x_wconf 89' lang='lat' dir='ltr'><strong><em>nee</em></strong></span> <span class='ocrx_word' id='word_1_137' title='bbox 510 2298 577 2342; x_wconf 87' lang='lat' dir='ltr'><strong><em>uon</em></strong></span> <span class='ocrx_word' id='word_1_138' title='bbox 599 2280 633 2342; x_wconf 87' lang='lat' dir='ltr'><strong><em>et</em></strong></span> <span class='ocrx_word' id='word_1_139' title='bbox 654 2277 715 2344; x_wconf 85' lang='lat' dir='ltr'><strong><em>hoo</em></strong></span> <span class='ocrx_word' id='word_1_140' title='bbox 737 2278 824 2362; x_wconf 93' lang='lat' dir='ltr'><strong><em>quod</em></strong></span> <span class='ocrx_word' id='word_1_141' title='bbox 845 2278 998 2345; x_wconf 88' lang='lat' dir='ltr'><strong><em>Bethaun</em></strong></span> <span class='ocrx_word' id='word_1_142' title='bbox 1028 2279 1116 2344; x_wconf 92' lang='lat' dir='ltr'><strong><em>alind</em></strong></span> <span class='ocrx_word' id='word_1_143' title='bbox 1143 2280 1298 2364; x_wconf 87' lang='lat' dir='ltr'><strong><em>oppidum</em></strong></span> <span class='ocrx_word' id='word_1_144' title='bbox 1325 2279 1429 2364; x_wconf 89' lang='lat' dir='ltr'><strong><em>suspi-</em></strong></span> 
     </span>
     <span class='ocr_line' id='line_1_19' title="bbox 286 2381 1429 2465; baseline 0 -17"><span class='ocrx_word' id='word_1_145' title='bbox 286 2385 410 2460; x_wconf 84' lang='lat' dir='ltr'><strong><em>eentur,</em></strong></span> <span class='ocrx_word' id='word_1_146' title='bbox 434 2381 577 2447; x_wconf 85' lang='lat' dir='ltr'><strong><em>Hebraei</em></strong></span> <span class='ocrx_word' id='word_1_147' title='bbox 598 2383 716 2465; x_wconf 84' lang='lat' dir='ltr'><strong><em>putant</em></strong></span> <span class='ocrx_word' id='word_1_148' title='bbox 738 2382 871 2447; x_wconf 87' lang='lat' dir='ltr'><strong><em>eandem</em></strong></span> <span class='ocrx_word' id='word_1_149' title='bbox 894 2403 961 2448; x_wconf 86' lang='lat' dir='ltr'><strong><em>esse</em></strong></span> <span class='ocrx_word' id='word_1_150' title='bbox 985 2381 1111 2461; x_wconf 90' lang='lat' dir='ltr'><strong><em>Bethel,</em></strong></span> <span class='ocrx_word' id='word_1_151' title='bbox 1144 2384 1199 2448; x_wconf 86' lang='lat' dir='ltr'><strong><em>sed</em></strong></span> <span class='ocrx_word' id='word_1_152' title='bbox 1223 2405 1262 2448; x_wconf 86' lang='lat' dir='ltr'><strong><em>ex</em></strong></span> <span class='ocrx_word' id='word_1_153' title='bbox 1282 2405 1323 2449; x_wconf 91' lang='lat' dir='ltr'><strong><em>eo</em></strong></span> <span class='ocrx_word' id='word_1_154' title='bbox 1348 2385 1429 2448; x_wconf 88' lang='lat' dir='ltr'><strong><em>tem·</em></strong></span> 
     </span>
     <span class='ocr_line' id='line_1_20' title="bbox 290 2484 1431 2574; baseline -0.001 -21"><span class='ocrx_word' id='word_1_155' title='bbox 290 2509 368 2574; x_wconf 91' lang='lat' dir='ltr'><strong><em>pore</em></strong></span> <span class='ocrx_word' id='word_1_156' title='bbox 391 2509 455 2572; x_wconf 91' lang='lat' dir='ltr'><strong><em>qno</em></strong></span> <span class='ocrx_word' id='word_1_157' title='bbox 487 2487 534 2550; x_wconf 91' lang='lat' dir='ltr'><strong><em>ibi</em></strong></span> <span class='ocrx_word' id='word_1_158' title='bbox 557 2487 598 2551; x_wconf 88' lang='lat' dir='ltr'><strong><em>ab</em></strong></span> <span class='ocrx_word' id='word_1_159' title='bbox 626 2484 797 2552; x_wconf 88' lang='lat' dir='ltr'><strong><em>Ierobonm</em></strong></span> <span class='ocrx_word' id='word_1_160' title='bbox 834 2487 902 2552; x_wconf 89' lang='lat' dir='ltr'><strong><em>filio</em></strong></span> <span class='ocrx_word' id='word_1_161' title='bbox 932 2487 1044 2553; x_wconf 86' lang='lat' dir='ltr'><strong><em>Nabat</em></strong></span> <span class='ocrx_word' id='word_1_162' title='bbox 1085 2489 1179 2553; x_wconf 88' lang='lat' dir='ltr'><strong><em>uituli</em></strong></span> <span class='ocrx_word' id='word_1_163' title='bbox 1209 2489 1297 2552; x_wconf 86' lang='lat' dir='ltr'><strong><em>aurei</em></strong></span> <span class='ocrx_word' id='word_1_164' title='bbox 1331 2487 1431 2552; x_wconf 87' lang='lat' dir='ltr'><strong><em>fabri-</em></strong></span> 
     </span>
     <span class='ocr_line' id='line_1_21' title="bbox 286 2589 1474 2681; baseline 0.003 -24"><span class='ocrx_word' id='word_1_165' title='bbox 286 2593 350 2657; x_wconf 85' lang='lat' dir='ltr'><strong><em>cati</em></strong></span> <span class='ocrx_word' id='word_1_166' title='bbox 374 2594 451 2656; x_wconf 86' lang='lat' dir='ltr'><strong><em>eunt</em></strong></span> <span class='ocrx_word' id='word_1_167' title='bbox 474 2594 506 2656; x_wconf 86' lang='lat' dir='ltr'><strong><em>et</em></strong></span> <span class='ocrx_word' id='word_1_168' title='bbox 528 2611 548 2654; x_wconf 89' lang='lat' dir='ltr'><strong><em>a</em></strong></span> <span class='ocrx_word' id='word_1_169' title='bbox 568 2591 678 2656; x_wconf 86' lang='lat' dir='ltr'><strong><em>decem</em></strong></span> <span class='ocrx_word' id='word_1_170' title='bbox 700 2589 850 2656; x_wconf 82' lang='lat' dir='ltr'><strong><em>tribubus</em></strong></span> <span class='ocrx_word' id='word_1_171' title='bbox 872 2592 1006 2669; x_wconf 86' lang='lat' dir='ltr'><strong><em>adorati,</em></strong></span> <span class='ocrx_word' id='word_1_172' title='bbox 1028 2595 1177 2658; x_wconf 83' lang='lat' dir='ltr'><strong><em>noestam</em></strong></span> <span class='ocrx_word' id='word_1_173' title='bbox 1189 2591 1428 2681; x_wconf 78' lang='lat' dir='ltr'><strong><em>esseBethnnn,</em></strong></span> <span class='ocrx_word' id='word_1_174' title='bbox 1443 2625 1474 2660; x_wconf 69' lang='grc' dir='ltr'><strong><em>ιο</em></strong></span> 
     </span>
     <span class='ocr_line' id='line_1_22' title="bbox 288 2693 1430 2779; baseline 0.002 -19"><span class='ocrx_word' id='word_1_175' title='bbox 288 2697 320 2760; x_wconf 94' lang='lat' dir='ltr'><strong><em>id</em></strong></span> <span class='ocrx_word' id='word_1_176' title='bbox 343 2699 394 2760; x_wconf 89' lang='lat' dir='ltr'><strong><em>est</em></strong></span> <span class='ocrx_word' id='word_1_177' title='bbox 414 2696 548 2760; x_wconf 90' lang='lat' dir='ltr'><strong><em>domum</em></strong></span> <span class='ocrx_word' id='word_1_178' title='bbox 570 2693 657 2772; x_wconf 91' lang='lat' dir='ltr'><strong><em>idoli,</em></strong></span> <span class='ocrx_word' id='word_1_179' title='bbox 680 2715 763 2779; x_wconf 89' lang='lat' dir='ltr'><strong><em>qnae</em></strong></span> <span class='ocrx_word' id='word_1_180' title='bbox 786 2699 862 2759; x_wconf 89' lang='lat' dir='ltr'><strong><em>aute</em></strong></span> <span class='ocrx_word' id='word_1_181' title='bbox 885 2697 1062 2760; x_wconf 79' lang='lat' dir='ltr'><strong><em>nocebatur</em></strong></span> <span class='ocrx_word' id='word_1_182' title='bbox 1083 2696 1196 2761; x_wconf 86' lang='lat' dir='ltr'><strong><em>domne</em></strong></span> <span class='ocrx_word' id='word_1_183' title='bbox 1218 2697 1278 2762; x_wconf 90' lang='lat' dir='ltr'><strong><em>dei.</em></strong></span> <span class='ocrx_word' id='word_1_184' title='bbox 1319 2697 1372 2762; x_wconf 89' lang='lat' dir='ltr'><strong><em>sed</em></strong></span> <span class='ocrx_word' id='word_1_185' title='bbox 1395 2700 1430 2762; x_wconf 86' lang='lat' dir='ltr'><strong><em>et</em></strong></span> 
     </span>
     <span class='ocr_line' id='line_1_23' title="bbox 285 2798 1428 2885; baseline 0.001 -22"><span class='ocrx_word' id='word_1_186' title='bbox 285 2817 382 2885; x_wconf 85' lang='lat' dir='ltr'><strong><em>snper</em></strong></span> <span class='ocrx_word' id='word_1_187' title='bbox 403 2799 466 2864; x_wconf 86' lang='lat' dir='ltr'><strong><em>hoe</em></strong></span> <span class='ocrx_word' id='word_1_188' title='bbox 487 2801 522 2863; x_wconf 90' lang='lat' dir='ltr'><strong><em>iu</em></strong></span> <span class='ocrx_word' id='word_1_189' title='bbox 544 2799 638 2864; x_wconf 91' lang='lat' dir='ltr'><strong><em>libris</em></strong></span> <span class='ocrx_word' id='word_1_190' title='bbox 660 2798 882 2864; x_wconf 80' lang='lat' dir='ltr'><strong><em>hebraicarum</em></strong></span> <span class='ocrx_word' id='word_1_191' title='bbox 900 2801 1123 2884; x_wconf 82' lang='lat' dir='ltr'><strong><em>quaestionum</em></strong></span> <span class='ocrx_word' id='word_1_192' title='bbox 1141 2800 1268 2884; x_wconf 88' lang='lat' dir='ltr'><strong><em>plenius</em></strong></span> <span class='ocrx_word' id='word_1_193' title='bbox 1282 2800 1428 2866; x_wconf 83' lang='lat' dir='ltr'><strong><em>diximus.</em></strong></span> 
     </span>
    </p>

    <p class='ocr_par' dir='ltr' id='par_1_4' title="bbox 284 2901 1513 3928">
     <span class='ocr_line' id='line_1_24' title="bbox 373 2901 1429 2990; baseline 0.004 -22"><span class='ocrx_word' id='word_1_194' title='bbox 373 2903 464 2981; x_wconf 86' lang='lat' dir='ltr'><strong><em>Bala,</em></strong></span> <span class='ocrx_word' id='word_1_195' title='bbox 493 2925 576 2989; x_wconf 88' lang='lat' dir='ltr'><strong><em>qnae</em></strong></span> <span class='ocrx_word' id='word_1_196' title='bbox 599 2906 648 2968; x_wconf 85' lang='lat' dir='ltr'><strong><em>est</em></strong></span> <span class='ocrx_word' id='word_1_197' title='bbox 670 2901 779 2988; x_wconf 86' lang='lat' dir='ltr'><strong><em>Segor.</em></strong></span> <span class='ocrx_word' id='word_1_198' title='bbox 826 2926 913 2970; x_wconf 88' lang='lat' dir='ltr'><strong><em>nune</em></strong></span> <span class='ocrx_word' id='word_1_199' title='bbox 936 2905 1038 2970; x_wconf 84' lang='lat' dir='ltr'><strong><em>Zoara</em></strong></span> <span class='ocrx_word' id='word_1_200' title='bbox 1059 2908 1274 2990; x_wconf 83' lang='lat' dir='ltr'><strong><em>nuncupatur,</em></strong></span> <span class='ocrx_word' id='word_1_201' title='bbox 1298 2906 1367 2970; x_wconf 83' lang='lat' dir='ltr'><strong><em>sola</em></strong></span> <span class='ocrx_word' id='word_1_202' title='bbox 1390 2906 1429 2972; x_wconf 89' lang='lat' dir='ltr'><strong><em>de</em></strong></span> 
     </span>
     <span class='ocr_line' id='line_1_25' title="bbox 287 3007 1430 3095; baseline 0.002 -22"><span class='ocrx_word' id='word_1_203' title='bbox 287 3009 429 3093; x_wconf 89' lang='lat' dir='ltr'><strong><em>quinque</em></strong></span> <span class='ocrx_word' id='word_1_204' title='bbox 453 3007 663 3074; x_wconf 87' lang='lat' dir='ltr'><strong><em>Sodomorum</em></strong></span> <span class='ocrx_word' id='word_1_205' title='bbox 682 3009 817 3074; x_wconf 87' lang='lat' dir='ltr'><strong><em>urbibus</em></strong></span> <span class='ocrx_word' id='word_1_206' title='bbox 832 3008 896 3074; x_wconf 81' lang='lat' dir='ltr'><strong><em>Lot</em></strong></span> <span class='ocrx_word' id='word_1_207' title='bbox 918 3011 1066 3095; x_wconf 88' lang='lat' dir='ltr'><strong><em>precibus</em></strong></span> <span class='ocrx_word' id='word_1_208' title='bbox 1090 3013 1277 3084; x_wconf 64' lang='lat' dir='ltr'><strong><em>reseruata„</em></strong></span> <span class='ocrx_word' id='word_1_209' title='bbox 1292 3011 1430 3076; x_wconf 83' lang='lat' dir='ltr'><strong><em>inminet</em></strong></span> 
     </span>
     <span class='ocr_line' id='line_1_26' title="bbox 287 3113 1470 3197; baseline 0.003 -22"><span class='ocrx_word' id='word_1_210' title='bbox 287 3114 395 3176; x_wconf 87' lang='lat' dir='ltr'><strong><em>antem</em></strong></span> <span class='ocrx_word' id='word_1_211' title='bbox 418 3113 500 3176; x_wconf 80' lang='lat' dir='ltr'><strong><em>meri</em></strong></span> <span class='ocrx_word' id='word_1_212' title='bbox 523 3114 651 3176; x_wconf 91' lang='lat' dir='ltr'><strong><em>mortuo</em></strong></span> <span class='ocrx_word' id='word_1_213' title='bbox 673 3115 706 3175; x_wconf 90' lang='lat' dir='ltr'><strong><em>et</em></strong></span> <span class='ocrx_word' id='word_1_214' title='bbox 728 3113 922 3196; x_wconf 88' lang='lat' dir='ltr'><strong><em>praesidium</em></strong></span> <span class='ocrx_word' id='word_1_215' title='bbox 945 3115 980 3176; x_wconf 89' lang='lat' dir='ltr'><strong><em>in</em></strong></span> <span class='ocrx_word' id='word_1_216' title='bbox 1002 3134 1041 3176; x_wconf 90' lang='lat' dir='ltr'><strong><em>ea</em></strong></span> <span class='ocrx_word' id='word_1_217' title='bbox 1057 3114 1197 3197; x_wconf 85' lang='lat' dir='ltr'><strong><em>positum</em></strong></span> <span class='ocrx_word' id='word_1_218' title='bbox 1220 3119 1270 3178; x_wconf 87' lang='lat' dir='ltr'><strong><em>est</em></strong></span> <span class='ocrx_word' id='word_1_219' title='bbox 1287 3114 1427 3180; x_wconf 88' lang='lat' dir='ltr'><strong><em>militnm</em></strong></span> <span class='ocrx_word' id='word_1_220' title='bbox 1441 3143 1470 3192; x_wconf 81' lang='lat'><strong><em>²5</em></strong></span> 
     </span>
     <span class='ocr_line' id='line_1_27' title="bbox 287 3213 1427 3301; baseline 0.002 -21"><span class='ocrx_word' id='word_1_221' title='bbox 287 3235 501 3280; x_wconf 88' lang='lat' dir='ltr'><strong><em>romanorum.</em></strong></span> <span class='ocrx_word' id='word_1_222' title='bbox 547 3213 786 3280; x_wconf 85' lang='lat' dir='ltr'><strong><em>habitatoribus</em></strong></span> <span class='ocrx_word' id='word_1_223' title='bbox 809 3237 938 3300; x_wconf 89' lang='lat' dir='ltr'><strong><em>quoqne</em></strong></span> <span class='ocrx_word' id='word_1_224' title='bbox 960 3217 1100 3301; x_wconf 86' lang='lat' dir='ltr'><strong><em>propriis</em></strong></span> <span class='ocrx_word' id='word_1_225' title='bbox 1123 3217 1358 3301; x_wconf 77' lang='lat' dir='ltr'><strong><em>frequentatur.</em></strong></span> <span class='ocrx_word' id='word_1_226' title='bbox 1392 3221 1427 3282; x_wconf 91' lang='lat' dir='ltr'><strong><em>et</em></strong></span> 
     </span>
     <span class='ocr_line' id='line_1_28' title="bbox 287 3322 1425 3410; baseline 0.004 -24"><span class='ocrx_word' id='word_1_227' title='bbox 287 3323 372 3407; x_wconf 87' lang='lat' dir='ltr'><strong><em>apud</em></strong></span> <span class='ocrx_word' id='word_1_228' title='bbox 396 3343 467 3387; x_wconf 87' lang='lat' dir='ltr'><strong><em>eam</em></strong></span> <span class='ocrx_word' id='word_1_229' title='bbox 490 3322 639 3406; x_wconf 82' lang='lat' dir='ltr'><strong><em>gignitur</em></strong></span> <span class='ocrx_word' id='word_1_230' title='bbox 661 3323 840 3388; x_wconf 87' lang='lat' dir='ltr'><strong><em>balsamum</em></strong></span> <span class='ocrx_word' id='word_1_231' title='bbox 862 3327 895 3389; x_wconf 85' lang='lat' dir='ltr'><strong><em>et</em></strong></span> <span class='ocrx_word' id='word_1_232' title='bbox 917 3346 1013 3410; x_wconf 88' lang='lat' dir='ltr'><strong><em>poma</em></strong></span> <span class='ocrx_word' id='word_1_233' title='bbox 1046 3325 1244 3410; x_wconf 87' lang='lat' dir='ltr'><strong><em>palmarum,</em></strong></span> <span class='ocrx_word' id='word_1_234' title='bbox 1273 3325 1425 3410; x_wconf 80' lang='lat' dir='ltr'><strong><em>antiquae</em></strong></span> 
     </span>
     <span class='ocr_line' id='line_1_29' title="bbox 287 3427 1513 3526; baseline 0.005 -36"><span class='ocrx_word' id='word_1_235' title='bbox 287 3427 445 3492; x_wconf 81' lang='lat' dir='ltr'><strong><em>ubertatis</em></strong></span> <span class='ocrx_word' id='word_1_236' title='bbox 467 3427 595 3491; x_wconf 84' lang='lat' dir='ltr'><strong><em>iudieia.</em></strong></span> <span class='ocrx_word' id='word_1_237' title='bbox 640 3427 766 3492; x_wconf 88' lang='lat' dir='ltr'><strong><em>nullum</em></strong></span> <span class='ocrx_word' id='word_1_238' title='bbox 789 3433 896 3494; x_wconf 87' lang='lat' dir='ltr'><strong><em>autem</em></strong></span> <span class='ocrx_word' id='word_1_239' title='bbox 921 3432 1049 3494; x_wconf 87' lang='lat' dir='ltr'><strong><em>moueat</em></strong></span> <span class='ocrx_word' id='word_1_240' title='bbox 1077 3430 1164 3513; x_wconf 90' lang='lat' dir='ltr'><strong><em>quod</em></strong></span> <span class='ocrx_word' id='word_1_241' title='bbox 1192 3427 1295 3514; x_wconf 81' lang='lat' dir='ltr'><strong><em>Segor</em></strong></span> <span class='ocrx_word' id='word_1_242' title='bbox 1315 3431 1425 3498; x_wconf 85' lang='lat' dir='ltr'><strong><em>eadem</em></strong></span> <span class='ocrx_word' id='word_1_243' title='bbox 1509 3509 1513 3526; x_wconf 87' lang='lat'>.</span> 
     </span>
     <span class='ocr_line' id='line_1_30' title="bbox 285 3530 1427 3618; baseline 0.005 -23"><span class='ocrx_word' id='word_1_244' title='bbox 285 3530 387 3596; x_wconf 86' lang='lat' dir='ltr'><strong><em>Zoara</em></strong></span> <span class='ocrx_word' id='word_1_245' title='bbox 407 3531 538 3611; x_wconf 86' lang='lat' dir='ltr'><strong><em>dieitur,</em></strong></span> <span class='ocrx_word' id='word_1_246' title='bbox 560 3551 632 3595; x_wconf 87' lang='lat' dir='ltr'><strong><em>enm</em></strong></span> <span class='ocrx_word' id='word_1_247' title='bbox 655 3532 740 3597; x_wconf 89' lang='lat' dir='ltr'><strong><em>idem</em></strong></span> <span class='ocrx_word' id='word_1_248' title='bbox 762 3554 881 3598; x_wconf 89' lang='lat' dir='ltr'><strong><em>nomen</em></strong></span> <span class='ocrx_word' id='word_1_249' title='bbox 903 3535 946 3598; x_wconf 90' lang='lat' dir='ltr'><strong><em>sit</em></strong></span> <span class='ocrx_word' id='word_1_250' title='bbox 968 3534 1122 3618; x_wconf 87' lang='lat' dir='ltr'><strong><em>parunlne</em></strong></span> <span class='ocrx_word' id='word_1_251' title='bbox 1144 3533 1196 3598; x_wconf 87' lang='lat' dir='ltr'><strong><em>nel</em></strong></span> <span class='ocrx_word' id='word_1_252' title='bbox 1212 3534 1358 3612; x_wconf 86' lang='lat' dir='ltr'><strong><em>minoris,</em></strong></span> <span class='ocrx_word' id='word_1_253' title='bbox 1372 3535 1427 3602; x_wconf 86' lang='lat' dir='ltr'><strong><em>sed</em></strong></span> 
     </span>
     <span class='ocr_line' id='line_1_31' title="bbox 286 3635 1472 3724; baseline -0.003 -22"><span class='ocrx_word' id='word_1_254' title='bbox 286 3635 389 3720; x_wconf 86' lang='lat' dir='ltr'><strong><em>Segor</em></strong></span> <span class='ocrx_word' id='word_1_255' title='bbox 410 3635 569 3716; x_wconf 76' lang='lat' dir='ltr'><strong><em>hebraice,</em></strong></span> <span class='ocrx_word' id='word_1_256' title='bbox 592 3635 694 3700; x_wconf 87' lang='lat' dir='ltr'><strong><em>Zoara</em></strong></span> <span class='ocrx_word' id='word_1_257' title='bbox 715 3638 840 3722; x_wconf 82' lang='lat' dir='ltr'><strong><em>syriace</em></strong></span> <span class='ocrx_word' id='word_1_258' title='bbox 862 3642 1078 3724; x_wconf 80' lang='lat' dir='ltr'><strong><em>nuncupatur.</em></strong></span> <span class='ocrx_word' id='word_1_259' title='bbox 1101 3637 1183 3703; x_wconf 84' lang='lat' dir='ltr'><strong><em>Bula</em></strong></span> <span class='ocrx_word' id='word_1_260' title='bbox 1201 3641 1309 3704; x_wconf 86' lang='lat' dir='ltr'><strong><em>autem</em></strong></span> <span class='ocrx_word' id='word_1_261' title='bbox 1328 3639 1428 3704; x_wconf 88' lang='lat' dir='ltr'><strong><em>inter-</em></strong></span> <span class='ocrx_word' id='word_1_262' title='bbox 1441 3664 1472 3712; x_wconf 80' lang='lat'><strong><em>30</em></strong></span> 
     </span>
     <span class='ocr_line' id='line_1_32' title="bbox 286 3741 1428 3830; baseline 0.006 -26"><span class='ocrx_word' id='word_1_263' title='bbox 286 3742 433 3826; x_wconf 85' lang='lat' dir='ltr'><strong><em>pretatur</em></strong></span> <span class='ocrx_word' id='word_1_264' title='bbox 471 3741 642 3826; x_wconf 86' lang='lat' dir='ltr'><strong><em>absorpta:</em></strong></span> <span class='ocrx_word' id='word_1_265' title='bbox 664 3762 761 3826; x_wconf 87' lang='lat' dir='ltr'><strong><em>snper</em></strong></span> <span class='ocrx_word' id='word_1_266' title='bbox 795 3765 860 3826; x_wconf 90' lang='lat' dir='ltr'><strong><em>qno</em></strong></span> <span class='ocrx_word' id='word_1_267' title='bbox 896 3743 1046 3810; x_wconf 87' lang='lat' dir='ltr'><strong><em>inlibris</em></strong></span> <span class='ocrx_word' id='word_1_268' title='bbox 1079 3743 1301 3810; x_wconf 86' lang='lat' dir='ltr'><strong><em>hebraiaarum</em></strong></span> <span class='ocrx_word' id='word_1_269' title='bbox 1331 3765 1428 3830; x_wconf 84' lang='lat' dir='ltr'><strong><em>quae·</em></strong></span> 
     </span>
     <span class='ocr_line' id='line_1_33' title="bbox 284 3843 747 3928; baseline 0.004 -20"><span class='ocrx_word' id='word_1_270' title='bbox 284 3845 424 3910; x_wconf 87' lang='lat' dir='ltr'><strong><em>stionum</em></strong></span> <span class='ocrx_word' id='word_1_271' title='bbox 449 3843 576 3928; x_wconf 88' lang='lat' dir='ltr'><strong><em>plenius</em></strong></span> <span class='ocrx_word' id='word_1_272' title='bbox 598 3845 747 3910; x_wconf 86' lang='lat' dir='ltr'><strong><em>diximus.</em></strong></span> 
     </span>
    </p>
   </div>
   <div class='ocr_carea' id='block_1_3' title="bbox 282 4087 1428 4431">
    <p class='ocr_par' dir='ltr' id='par_1_5' title="bbox 282 4087 1428 4431">
     <span class='ocr_line' id='line_1_34' title="bbox 354 4087 1425 4170; baseline 0 -28"><span class='ocrx_word' id='word_1_273' title='bbox 354 4087 451 4144; x_wconf 81' lang='lat' dir='ltr'><strong><em>thu</em></strong></span> <span class='ocrx_word' id='word_1_274' title='bbox 472 4091 545 4155; x_wconf 74' lang='lat' dir='ltr'><strong><em>¹²r⁸l</em></strong></span> <span class='ocrx_word' id='word_1_275' title='bbox 574 4109 603 4143; x_wconf 83' lang='lat' dir='ltr'><strong><em>ro</em></strong></span> <span class='ocrx_word' id='word_1_276' title='bbox 628 4090 672 4145; x_wconf 83' lang='lat' dir='ltr'><strong><em>los</em></strong></span> <span class='ocrx_word' id='word_1_277' title='bbox 693 4093 782 4160; x_wconf 67' lang='lat' dir='ltr'><strong><em>star!</em></strong></span> <span class='ocrx_word' id='word_1_278' title='bbox 806 4093 1021 4162; x_wconf 77' lang='lat' dir='ltr'><strong><em>1010s7,2ln</em></strong></span> <span class='ocrx_word' id='word_1_279' title='bbox 1041 4093 1086 4147; x_wconf 83' lang='lat' dir='ltr'><strong><em>Ios</em></strong></span> <span class='ocrx_word' id='word_1_280' title='bbox 1106 4092 1241 4160; x_wconf 70' lang='lat' dir='ltr'><strong><em>ra,16113</em></strong></span> <span class='ocrx_word' id='word_1_281' title='bbox 1261 4089 1425 4170; x_wconf 57' lang='lat' dir='ltr'><strong><em>00³²&amp;th</em></strong></span> 
     </span>
     <span class='ocr_line' id='line_1_35' title="bbox 285 4177 1428 4251; baseline 0.003 -20"><span class='ocrx_word' id='word_1_282' title='bbox 285 4196 314 4246; x_wconf 80' lang='lat'><strong><em>19</em></strong></span> <span class='ocrx_word' id='word_1_283' title='bbox 340 4179 402 4248; x_wconf 82' lang='lat' dir='ltr'><strong><em>Reg</em></strong></span> <span class='ocrx_word' id='word_1_284' title='bbox 420 4177 461 4232; x_wconf 91' lang='lat'><strong><em>111</em></strong></span> <span class='ocrx_word' id='word_1_285' title='bbox 482 4180 571 4247; x_wconf 65' lang='lat' dir='ltr'><strong><em>napi</em></strong></span> <span class='ocrx_word' id='word_1_286' title='bbox 596 4197 632 4234; x_wconf 82' lang='lat'><strong><em>22·</em></strong></span> <span class='ocrx_word' id='word_1_287' title='bbox 645 4180 799 4251; x_wconf 80' lang='lat' dir='ltr'><strong><em>Hieronym</em></strong></span> <span class='ocrx_word' id='word_1_288' title='bbox 809 4183 880 4238; x_wconf 89' lang='lat' dir='ltr'><strong><em>hebr</em></strong></span> <span class='ocrx_word' id='word_1_289' title='bbox 892 4185 1001 4251; x_wconf 81' lang='lat' dir='ltr'><strong><em>quaest</em></strong></span> <span class='ocrx_word' id='word_1_290' title='bbox 1044 4181 1074 4237; x_wconf 85' lang='lat' dir='ltr'><strong><em>el</em></strong></span> <span class='ocrx_word' id='word_1_291' title='bbox 1096 4181 1222 4238; x_wconf 87' lang='lat' dir='ltr'><strong><em>eiusdem</em></strong></span> <span class='ocrx_word' id='word_1_292' title='bbox 1250 4179 1428 4250; x_wconf 80' lang='lat' dir='ltr'><strong><em>quaestiones</em></strong></span> 
     </span>
     <span class='ocr_line' id='line_1_36' title="bbox 283 4259 1426 4345; baseline -0.003 -17"><span class='ocrx_word' id='word_1_293' title='bbox 283 4271 313 4328; x_wconf 87' lang='lat' dir='ltr'><strong><em>in</em></strong></span> <span class='ocrx_word' id='word_1_294' title='bbox 333 4269 454 4326; x_wconf 81' lang='lat' dir='ltr'><strong><em>Genesin</em></strong></span> <span class='ocrx_word' id='word_1_295' title='bbox 472 4289 543 4338; x_wconf 78' lang='lat'><strong><em>43,29</em></strong></span> <span class='ocrx_word' id='word_1_296' title='bbox 558 4273 563 4338; x_wconf 90' lang='grc' dir='ltr'>Ι</span> <span class='ocrx_word' id='word_1_297' title='bbox 579 4290 608 4339; x_wconf 83' lang='lat'><strong><em>²3</em></strong></span> <span class='ocrx_word' id='word_1_298' title='bbox 628 4259 689 4328; x_wconf 79' lang='lat' dir='ltr'><strong><em>Geir</em></strong></span> <span class='ocrx_word' id='word_1_299' title='bbox 709 4277 783 4344; x_wconf 66' lang='lat'>1422!</span> <span class='ocrx_word' id='word_1_300' title='bbox 800 4295 827 4343; x_wconf 81' lang='lat'><strong><em>31</em></strong></span> <span class='ocrx_word' id='word_1_301' title='bbox 849 4275 1002 4345; x_wconf 81' lang='lat' dir='ltr'><strong><em>Hieronym</em></strong></span> <span class='ocrx_word' id='word_1_302' title='bbox 1021 4275 1092 4330; x_wconf 89' lang='lat' dir='ltr'><strong><em>hebr</em></strong></span> <span class='ocrx_word' id='word_1_303' title='bbox 1110 4277 1219 4342; x_wconf 84' lang='lat' dir='ltr'><strong><em>quaest.</em></strong></span> <span class='ocrx_word' id='word_1_304' title='bbox 1255 4273 1282 4328; x_wconf 84' lang='lat' dir='ltr'><strong><em>oi</em></strong></span> <span class='ocrx_word' id='word_1_305' title='bbox 1300 4271 1426 4327; x_wconf 81' lang='lat' dir='ltr'><strong><em>eiusdem</em></strong></span> 
     </span>
     <span class='ocr_line' id='line_1_37' title="bbox 282 4361 732 4431; baseline 0.004 -15"><span class='ocrx_word' id='word_1_306' title='bbox 282 4362 461 4430; x_wconf 78' lang='lat' dir='ltr'><strong><em>quaestiones</em></strong></span> <span class='ocrx_word' id='word_1_307' title='bbox 486 4362 516 4416; x_wconf 89' lang='lat' dir='ltr'><strong><em>in</em></strong></span> <span class='ocrx_word' id='word_1_308' title='bbox 535 4361 658 4419; x_wconf 84' lang='lat' dir='ltr'><strong><em>Genesin</em></strong></span> <span class='ocrx_word' id='word_1_309' title='bbox 676 4385 732 4431; x_wconf 51' lang='lat' dir='ltr'><strong><em>aaa</em></strong></span> 
     </span>
    </p>
   </div>
   <div class='ocr_carea' id='block_1_4' title="bbox 0 0 1614 5150">
    <p class='ocr_par' dir='ltr' id='par_1_6' title="bbox 0 0 1614 5150">
     <span class='ocr_line' id='line_1_38' title="bbox 0 0 1614 5150; baseline 0 0"><span class='ocrx_word' id='word_1_310' title='bbox 0 0 1614 5150; x_wconf 95' lang='lat' dir='ltr'><strong><em> </em></strong></span> 
     </span>
    </p>
   </div>
  </div>
 </body>
</html>
