3218 5150
773 326 836 392 114

324 505 531 573 Charchamis
552 503 667 570 ciuitas
688 501 780 566 iuxta
801 497 922 563 flumen
944 493 1111 560 Eufraten.

326 613 501 680 Chamoam
522 608 636 674 nillula
657 607 748 672 iuxta
768 602 945 668 Bethleem.

326 717 468 792 Chelon,
500 734 582 798 quae
614 713 647 778 et
668 709 769 788 lllon,
799 707 952 792 oppidum
977 703 1092 782 Moab,
1122 702 1215 766 utin
1243 699 1379 766 Ieremia

243 823 405 891 scribitur.

326 925 465 992 chamos
486 921 608 988 idolum
630 919 736 984 Moab.
1391 933 1404 982 5

681 1023 730 1088 De
753 1021 941 1106 euangeliis.

329 1131 488 1199 Chorazin
518 1127 676 1214 oppidum
709 1125 883 1202 Galilaeae,
906 1123 993 1208 quod
1015 1121 1162 1188 Christus
1184 1120 1318 1206 propter
1332 1119 1383 1183 in·

243 1238 467 1308 credulitatem
500 1231 728 1298 miserabiliter
752 1230 901 1315 deplorat
929 1232 963 1294 et
998 1227 1136 1314 plangit.
1195 1227 1247 1290 est
1275 1225 1382 1287 autem

243 1365 330 1412 nunc
351 1341 513 1408 desertum
533 1340 570 1402 in
592 1335 732 1402 secundo
753 1335 859 1420 lapide
882 1355 902 1398 a
924 1332 1129 1398 cafarnaum.

328 1445 515 1512 chimarrus
545 1442 590 1527 (id
624 1443 674 1506 est
701 1440 842 1524 torrens)
875 1437 1017 1516 Cedrcn,
1050 1436 1090 1502 (le
1124 1457 1189 1520 quo
1223 1437 1257 1500 et
1283 1453 1383 1519 supra
1399 1451 1429 1486 ¹0

244 1550 398 1630 diximus,
421 1549 507 1612 inter
528 1545 673 1611 montem
703 1543 815 1608 olineti
853 1546 888 1607 et
913 1541 1099 1619 Ierusalem,
1130 1540 1188 1605 nbi
1217 1539 1383 1604 dominum

245 1655 441 1720 saluatorem
464 1649 625 1716 Iohannes
647 1648 850 1732 euangelista
870 1649 983 1711 canat
1003 1645 1168 1712 traditum.

642 1749 690 1816 De
711 1751 796 1816 libro
818 1750 989 1816 Geneseos.

332 1860 449 1926 Dascm
477 1858 555 1923 urbe
582 1857 787 1941 Assyriorum
816 1856 953 1934 nobilis,
983 1875 1079 1941 qnam
1110 1853 1254 1920 extmrit
1283 1852 1386 1918 Assur

245 1967 332 2032 inter
353 1961 496 2028 Niniuen
521 1964 556 2028 et
577 1959 728 2026 Chalach.
1402 1975 1429 2025 ις

332 2069 419 2152 Drys
441 2067 488 2152 (id
511 2069 561 2132 est
582 2066 732 2150 quercus)
754 2063 899 2130 Mambre
913 2065 1005 2129 iuxta
1013 2063 1172 2142 Cbebron,
1188 2085 1271 2149 quac
1286 2083 1388 2148 usquc

247 2176 289 2242 cd
309 2175 449 2239 aetatem
471 2171 629 2236 infantiae
653 2189 742 2236 meae
765 2173 798 2235 et
828 2168 1010 2234 Constantii
1033 2170 1116 2253 regis
1144 2169 1317 2254 imperium
1339 2173 1387 2235 te-

247 2276 418 2347 rebinthus
447 2276 690 2341 monstrabatur
726 2276 878 2360 peruetus
908 2279 941 2339 et
961 2296 1065 2339 anuos
1091 2274 1315 2360 magnitudine
1337 2275 1388 2338 in·

248 2385 369 2460 dicans,
393 2382 454 2446 snb
479 2402 544 2465 qua
571 2380 735 2445 habitauit
756 2379 933 2444 Abrabam.
978 2382 1060 2446 miro
1090 2383 1197 2448 autern
1227 2379 1317 2446 cultu
1346 2380 1388 2445 ab

249 2487 386 2554 ethnicis
408 2485 521 2550 habita
549 2487 599 2551 est
616 2488 650 2549 et
662 2484 762 2550 ueluti
776 2484 915 2568 quodam
926 2485 1045 2570 insigni
1052 2485 1184 2551 nomine
1191 2486 1386 2551 consecrata.
1403 2501 1435 2536 ²0

337 2591 513 2656 Damascus
543 2588 662 2654 nobilis
693 2588 771 2652 urbs
800 2587 958 2653 Foenicis.
1003 2590 1117 2655 eodem
1151 2593 1260 2656 autern
1292 2609 1390 2655 uoca-

249 2694 327 2762 bulo
348 2697 382 2760 ct
403 2692 509 2760 Masec
531 2693 669 2758 cucillae
693 2693 857 2758 Abrabam
879 2692 967 2759 filius
989 2694 1171 2780 adpellatus
1193 2698 1252 2762 est
1290 2716 1387 2780 porro

249 2795 359 2864 Masec
379 2798 457 2883 quid
480 2797 542 2862 sibi
562 2797 642 2862 uelit
658 2797 693 2861 in
715 2796 809 2861 libris
829 2795 1051 2864 hebraicarum
1075 2801 1299 2884 quaestionum
1323 2799 1392 2885 pla-

250 2904 325 2970 nius
346 2903 527 2988 disputaui,
557 2900 610 2968 hic
632 2904 761 2966 tantum
789 2903 980 2986 interpretis
1012 2925 1080 2969 sum
1111 2904 1241 2972 functus
1270 2903 1388 2985 officio,

250 3029 318 3074 non
340 3028 405 3092 qno
428 3006 581 3072 ancillam
604 3005 755 3072 Abrabae
769 3005 878 3072 Museo
901 3013 1122 3094 nuncupatam
1143 3012 1287 3096 probam.
1405 3029 1434 3080 ε5

338 3111 412 3178 Dan
445 3111 572 3176 uiculus
605 3111 640 3176 in
671 3115 788 3195 quarto
827 3133 846 3175 a
878 3111 1025 3178 Paneade
1057 3115 1196 3180 miliario
1238 3115 1390 3183 euntibus

251 3213 383 3301 Tyrum,
406 3216 585 3302 quinoque
608 3215 704 3282 hodic
726 3217 772 3282 sic
793 3221 939 3296 uocatur,
971 3220 1129 3284 terminus
1150 3219 1287 3286 Iudaeae
1318 3241 1393 3306 pro-

252 3319 379 3384 uinciae
409 3319 524 3383 contra
553 3320 837 3404 septemtrionem,
860 3320 899 3386 de
930 3341 994 3406 qno
1030 3327 1065 3388 et
1094 3323 1241 3390 Iordanis
1269 3324 1392 3392 flumen

253 3443 423 3507 erumpens
445 3443 466 3486 a
486 3422 558 3488 loco
581 3423 716 3488 sortitus
737 3427 787 3488 est
808 3445 937 3490 nomen.
968 3427 1018 3492 ior
1047 3429 1169 3514 qnippe
1190 3425 1326 3514 ῥετθρον
1347 3429 1393 3515 (id

253 3529 303 3593 est
323 3525 461 3591 fluuium
483 3527 553 3592 siue
574 3528 693 3613 riuum)
715 3527 856 3594 Hebraei
877 3535 1005 3596 uocant.
1409 3557 1440 3607 30

340 3627 501 3695 Dennaba
523 3631 639 3698 ciuitas
659 3631 760 3698 Balac
782 3634 843 3698 filii
865 3633 951 3702 Bcor
974 3637 1058 3721 regis
1080 3636 1194 3716 bidom,
1212 3641 1286 3724 post
1297 3659 1393 3723 quem

252 3735 401 3818 regnauit
422 3732 482 3799 Iob
505 3735 595 3820 (licet
623 3735 705 3802 mihi
726 3737 822 3823 longe
844 3738 940 3806 aliter
964 3741 1134 3826 uideatur).
1165 3745 1199 3806 et
1221 3745 1272 3808 est
1293 3763 1394 3828 usque

252 3837 348 3904 bodie
369 3838 450 3904 uilla
471 3837 623 3905 Dannaia
644 3842 679 3906 in
707 3845 823 3908 octeno
856 3844 997 3910 miliario
1028 3844 1228 3933 Areopoleos
1258 3868 1396 3934 pergen·

327 3985 339 4018 1
359 3965 405 4022 Isa
424 3985 478 4036 10,9
493 3967 498 4036 Ι
514 3987 529 4022 a
548 3967 593 4026 Ier
610 3989 683 4040 ⁴¹1¹?
699 3971 704 4038 Ι
721 3991 734 4039 3
754 3971 799 4028 ler
816 3977 887 4040 48,ss
904 3975 909 4043 Ι
924 3993 937 4044 3
959 3974 1021 4046 lleg
1038 3975 1080 4030 111
1099 3995 1152 4044 11,7
1168 3977 1203 4046 13
1223 3975 1287 4033 nn
1306 3979 1392 4050 urar!

254 4070 328 4106 ro=
341 4073 409 4122 11¹,3
426 4057 432 4124 Ι
449 4075 478 4110 12
496 4057 548 4114 Ich
568 4062 620 4124 rar
637 4060 643 4127 l
660 4078 689 4124 ¹4
710 4059 771 4116 (len
792 4081 861 4128 rc,ra
877 4064 882 4132 Ι
900 4068 929 4118 ιὴ
948 4061 1010 4122 Gen
1030 4067 1120 4135 33181
1140 4084 1170 4120 ar
1191 4065 1253 4124 Gen
1273 4085 1327 4136 15,a
1342 4068 1348 4136 1
1363 4085 1393 4134 ²3

253 4141 406 4286 Ηίεὲοιιγω
425 4144 494 4200 hebr
512 4149 621 4214 quaest.
647 4147 678 4203 cl
693 4150 873 4216 quaestiones
890 4152 921 4208 iu
939 4151 1061 4212 Genesin
1080 4173 1149 4224 3433
1166 4155 1171 4224 Ι
1187 4161 1217 4212 2⁶
1236 4157 1297 4213 Gerr
1308 4155 1393 4228 ¹4¹⁴!

253 4251 281 4299 3¹
328 4249 363 4288 en
382 4238 453 4301 3⁶,32
