3172 5160
666 1362 826 1432 Ὠφελῆσων
842 1363 894 1436 μὲν
910 1365 948 1438 μὴ
965 1365 1085 1438 perdia,
1111 1366 1239 1434 δηλώσων

785 1453 814 1506 δ’
833 1445 872 1508 ὧν
890 1456 1019 1526 oremus.

199 1665 339 1723 Iohannes
356 1667 517 1740 Martianay
536 1673 567 1726 et
584 1671 747 1728 Dominious
765 1673 888 1730 Vallarsi
907 1675 943 1732 ad
965 1677 1189 1749 recognoscenda
1208 1679 1273 1734 Hie·

126 1756 241 1825 ronymi
253 1757 428 1814 onomseiioa
439 1759 543 1828 quibus
560 1761 705 1818 codicibus
723 1764 928 1833 ecquomodo
946 1766 990 1822 usi
1008 1767 1066 1822 sini
1076 1785 1141 1825 cum
1159 1785 1175 1823 e
1193 1771 1274 1839 perte

126 1844 211 1899 buius
230 1845 383 1902 uolumInis
400 1847 491 1904 altera
509 1849 689 1921 perspicuum
708 1855 807 1924 putem
825 1871 884 1910 esec
896 1855 1065 1926 legentibus,
1082 1857 1207 1914 hocloco
1218 1875 1275 1913 non

127 1951 269 2005 exponam
289 1955 296 1989 ε
315 1937 377 2006 ipse
394 1937 453 1993 brec
469 1937 587 1994 adhibui

199 2024 230 2077 F
244 2023 441 2096 frisingensem
459 2027 564 2083 saeculi
582 2027 650 2084 VIII
668 2031 811 2098 exeuntis,

200 2115 237 2167 Η
251 2115 509 2187 babenbergensem
527 2118 633 2174 saeculi
649 2119 689 2174 IX
708 2122 853 2188 exeuntis,

201 2205 231 2258 B
249 2203 454 2263 berolineusem
472 2208 577 2264 saeculi
595 2209 657 2264 XII.

127 2311 160 2347 ac
178 2291 356 2365 frisingensis
373 2294 502 2364 quidem,
527 2314 601 2354 nunc
619 2299 793 2356 monacensis
811 2301 890 2366 6228,
909 2301 1037 2358 continet
1055 2319 1128 2372 quae
1145 2303 1176 2358 in
1194 2303 1274 2358 uolu-

129 2381 204 2438 mine
216 2399 280 2440 meo
299 2385 460 2451 1,1-81,18
480 2387 539 2453 160,
552 2388 640 2443 1-13
657 2389 736 2446 edita
754 2393 820 2445 suni
838 2431 845 2446 .
864 2391 899 2446 de
913 2391 1136 2464 babenbergensi
1150 2394 1173 2447 Β
1186 2393 1226 2448 1v
1240 2395 1273 2447 19

128 2471 185 2542 legi
195 2474 333 2542 poterunt
343 2491 417 2543 quae
426 2475 593 2532 Henrloucb
602 2477 687 2534 Iseclr
704 2478 735 2533 in
746 2479 839 2536 indice
851 2479 988 2537 librorum
1001 2480 1273 2552 babenbergensium

127 2558 194 2615 188
220 2561 335 2632 scripsib
353 2603 360 2617 .
379 2562 414 2620 de
432 2563 603 2622 berolinensi
627 2567 688 2638 ipse
713 2569 829 2640 exposui
847 2570 878 2625 iu
902 2571 1078 2640 praefatione
1101 2570 1274 2639 quaestioni·

130 2649 181 2704 bus
199 2650 228 2705 in
248 2650 371 2708 Genesin
389 2651 608 2725 hieronymianis
626 2658 788 2728 praemissa

130 2741 243 2810 praeter
259 2741 310 2796 hos
328 2741 440 2814 impexi

201 2829 224 2882 S
242 2831 449 2902 soaphnsnnum
467 2833 518 2902 13,

201 2919 228 2972 P
243 2921 503 2994 babenbergensem
520 2924 656 2989 alterum,
684 2925 790 2981 mooli
808 2925 870 2982 XII.

128 3009 163 3065 de
181 3026 302 3079 quorum
319 3027 375 3066 nno
394 3009 492 3067 eodem
511 3012 573 3068 loco
597 3011 658 3068 dixi
676 3029 733 3082 quo
751 3014 786 3068 de
811 3013 983 3070 berolinensi
1007 3014 1067 3086 egi,
1095 3015 1217 3072 alterum
1243 3017 1274 3071 si

128 3097 219 3168 ipsum
235 3099 367 3155 Ieeoirins
384 3099 533 3172 descripsit
551 3101 565 3154 I
583 3101 627 3156 89.

199 3189 222 3241 S
238 3188 318 3243 nolui
335 3189 470 3256 conferre,
488 3206 552 3245 cum
570 3193 666 3262 paries
685 3191 850 3260 sueonibus
865 3189 1037 3247 onomasbica
1050 3190 1187 3262 inscripta
1198 3194 1274 3258 suni,

128 3278 231 3334 saeculi
249 3278 316 3332 XIV
333 3277 464 3335 exeuntis
482 3279 562 3336 sinis
590 3279 627 3334 ad
645 3280 903 3354 babenbergensem
927 3279 1049 3337 alierum
1072 3281 1273 3338 excutiendum

129 3367 215 3422 obium
233 3385 291 3436 quo
309 3368 464 3441 perexiguo
483 3371 548 3426 utor
564 3386 620 3427 non
638 3371 817 3442 enppebebab.

196 3457 327 3514 codicum
344 3460 437 3514 ΒΓΗ
450 3457 669 3532 discrepantiam
687 3459 823 3517 duuiani
841 3461 990 3529 selectam,
1016 3459 1071 3518 nisi
1090 3460 1165 3531 quod
1184 3462 1273 3517 nomi·

130 3562 194 3600 num
220 3547 428 3618 explicatorum
455 3548 625 3621 scripturam
652 3567 807 3619 numquam
830 3550 963 3607 uolebam
986 3550 1079 3607 celere
1104 3553 1134 3606 et
1157 3549 1187 3605 in
1206 3567 1273 3606 ono-

130 3634 242 3690 musiioo
269 3637 361 3693 altero
384 3639 421 3691 Η
440 3639 531 3694 bobum
556 3639 691 3694 excussi:
719 3639 794 3695 unde
817 3654 899 3711 spero
924 3639 984 3695 iore
1007 3641 1041 3694 ui
1062 3640 1161 3710 pateat
1186 3655 1272 3708 quam

129 3721 229 3794 exigue
246 3724 286 3780 sib
304 3725 415 3782 motura
432 3745 466 3782 cx
486 3743 583 3784 eorum
601 3745 674 3798 quas
693 3728 723 3784 in
733 3727 792 3783 BF
801 3727 883 3783 omisi
901 3727 1032 3784 absentie
1049 3727 1126 3784 isera
1145 3767 1152 3782 .
1170 3743 1272 3798 graeca

129 3813 249 3882 expressi
267 3817 301 3869 ui
318 3813 413 3885 potui,
441 3817 609 3888 plerumque
628 3817 734 3874 litteris
752 3815 917 3874 minusculis
935 3833 1008 3886 quse
1032 3816 1180 3882 dicuntur,
1207 3833 1271 3872 oum

128 3900 250 3958 unciales
274 3901 303 3956 in
333 3904 529 3976 typograpbeo
553 3922 609 3961 non
637 3905 834 3964 inuenirentur
857 3947 863 3960 .
889 3905 1049 3964 lirtsnrum
1074 3903 1271 3962 hebraicarum

129 3987 243 4045 formam
262 3991 371 4048 imitari
389 3993 448 4049 fere
466 4011 620 4064 numquam
639 3999 777 4067 poteram.

195 4083 324 4151 superest
348 4083 381 4137 ub
403 4100 448 4139 me
472 4082 573 4140 littere
595 4103 613 4141 v
638 4086 764 4144 codicem
789 4085 992 4159 signifloouisse
1016 4083 1108 4142 dicum
1128 4079 1271 4146 vallarsii,

129 4184 209 4234 quem
227 4170 278 4227 ille
292 4171 394 4241 probos
413 4175 553 4229 missicio
569 4181 595 4228 ei
612 4182 690 4230 notos
708 4195 766 4234 esse
784 4177 930 4243 adfirmat,
954 4174 1053 4231 liibera
1070 4193 1093 4244 μ
1115 4171 1270 4228 edit10nem

130 4254 381 4329 Benedioiinorum,
403 4263 500 4320 littera
518 4271 536 4334 β
555 4265 775 4323 unllarsienam:
795 4266 829 4324 de
847 4267 949 4324 neutra
966 4283 982 4321 e
1001 4261 1114 4320 silentio
1128 4278 1190 4318 meo
1206 4277 1270 4316 con-

130 4345 198 4402 stare
216 4365 324 4405 moneo.
