3218 5150
743 422 803 486 109

167 622 182 656 1
289 594 413 661 (lanath
436 596 526 660 uicus
549 594 701 672 Arabiae,
722 596 779 679 qui
801 615 887 660 nune
909 593 1056 660 Canatha
1077 595 1215 676 dicitur,
1246 617 1342 680 quem

196 724 276 768 eum
298 702 437 786 cepisset
459 698 594 778 Nabau,
626 699 802 784 adpellauit
823 697 1047 764 Nabothliam.
1083 700 1148 764 fuit
1176 704 1284 766 auteur
1308 701 1342 767 in

195 808 291 872 tribu
314 804 461 870 Manasse
484 805 518 869 in
541 806 674 890 regione
697 802 927 868 Trachonitide
951 804 1041 866 iuxta
1062 801 1222 869 Bostram.

287 910 368 976 Cata
399 908 558 993 Chrysea,
596 909 629 975 id
665 911 716 972 est
746 907 786 971 ad
813 928 926 984 aurea,
967 909 1044 972 sunt
1076 911 1184 972 autem
1214 915 1342 974 montes

167 1018 275 1087 sauri
295 1013 417 1080 fertiles
439 1015 472 1078 in
489 1012 616 1079 deserto
639 1013 753 1098 procul
775 1012 924 1076 undecim
938 1013 1158 1078 mansionibus
1172 1035 1191 1076 a
1203 1013 1341 1089 Choreb,

197 1123 293 1186 iuxta
315 1140 397 1203 quos
419 1116 547 1202 Moyses
568 1116 848 1183 deuteronomium
870 1115 1036 1200 scripsisse
1060 1116 1256 1201 perhibetur.
1288 1117 1343 1182 sed

196 1228 235 1292 et
258 1222 486 1289 metelloaeris
501 1221 623 1298 Foeuo,
646 1220 732 1306 quod
754 1222 865 1285 nostro
887 1223 1032 1304 tempore
1054 1221 1194 1299 conruit,
1218 1221 1345 1284 montes

195 1350 358 1396 uenarum
379 1329 451 1392 auri
473 1326 589 1412 plenos
615 1325 692 1390 olim
718 1323 817 1389 fuisse
840 1323 965 1388 uicinos
987 1325 1168 1390 aestimant.

289 1430 466 1497 (lademoth
489 1431 668 1507 desertum,
702 1450 742 1494 ex
771 1449 836 1512 quo
867 1429 938 1494 loco
960 1429 1050 1494 misit
1072 1430 1194 1514 legatos
1216 1427 1342 1513 Moyses

147 1567 182 1603 10
197 1537 242 1602 ad
264 1535 350 1601 Seon
372 1556 482 1620 regem
504 1535 766 1601 Amorraeornm.

290 1639 422 1705 Cariath
445 1640 545 1718 uicus,
569 1639 625 1723 qui
647 1639 708 1704 sub
730 1635 822 1703 Gaba
845 1637 1017 1722 metropoli
1038 1636 1110 1701 fnit.

287 1743 386 1809 Oedes
408 1743 539 1820 ciuitas,
570 1761 667 1826 quam
698 1741 785 1825 cepit
806 1740 908 1818 Iesus,
939 1763 1015 1826 rege
1043 1741 1130 1806 illins
1159 1740 1340 1806 interfecto.

196 1852 250 1915 est
272 1853 380 1913 antem
402 1849 437 1912 in
459 1850 546 1913 sorte
568 1846 673 1911 tribus
694 1845 803 1910 Iudae.

287 1952 463 2018 Oademoth
485 1952 596 2027 altera,
619 1951 735 2016 ciuitas
757 1949 897 2014 filiorum
918 1948 1045 2014 Ruben.

149 2087 178 2136 ις
287 2057 411 2124 Oedson
432 2057 467 2122 iu
489 2056 578 2122 tribu
600 2055 727 2134 Ruben,
750 2053 829 2120 urbs
851 2057 1000 2138 separate
1020 2052 1153 2118 Leuitis.

633 2159 682 2224 De
704 2159 778 2224 Iesu
801 2157 905 2224 Neue.

287 2265 421 2352 Capseel
442 2266 477 2329 in
502 2265 592 2330 tribu
613 2263 703 2329 Iuda.

286 2369 367 2436 Cina
388 2371 421 2434 in
446 2369 535 2434 tribu
557 2368 648 2434 luda.

286 2476 374 2544 Galla
394 2477 428 2541 in
450 2477 541 2542 tribu
562 2475 664 2553 Iuda,
687 2475 745 2540 ubi
767 2473 929 2559 quondum
951 2473 1034 2539 sedit
1055 2472 1173 2540 Dauid.
1197 2479 1230 2540 et
1252 2497 1338 2542 nunc

150 2617 184 2653 ιο
199 2585 251 2648 est
272 2582 352 2647 uilla
374 2581 449 2647 Cela
471 2582 511 2647 ad
533 2580 724 2647 orientalem
746 2580 877 2666 plagam
896 2577 1185 2665 Eleutheropoleos
1206 2603 1341 2666 pergen·

197 2687 286 2750 tibus
309 2685 458 2752 Ohebron
480 2685 572 2770 quasi
595 2686 630 2751 in
654 2687 769 2750 octauo
798 2684 956 2766 miliario,
991 2685 1027 2749 in
1059 2706 1126 2770 que
1155 2687 1339 2771 sepulerum

197 2793 397 2856 monstretur
418 2788 598 2874 prophetae
621 2790 784 2856 Abbaeue.

284 2894 490 2960 Cariathbaal
512 2896 626 2960 ciuitas
648 2894 746 2960 Iarim
767 2895 802 2958 in
821 2894 911 2959 tribu
931 2893 1022 2960 luda.

285 2999 373 3065 Cana
394 2999 429 3064 in
451 2998 540 3064 tribu
562 2998 696 3064 Efraim.

151 3141 181 3190 2⁵
286 3102 469 3187 Gampsaim
490 3103 525 3168 in
547 3103 636 3168 tribu
658 3101 794 3167 Eiraim.

286 3205 373 3272 Cane
396 3206 431 3270 in
453 3207 542 3271 tribu
564 3205 721 3271 Manasse.

285 3310 521 3388 Cariathiarim,
544 3315 682 3396 quaest
705 3305 923 3382 cariathbaal,
947 3307 1062 3373 ciuitas
1086 3306 1238 3385 saltuum,
1272 3330 1337 3375 nna

197 3415 237 3480 de
260 3415 397 3479 urbibus
412 3412 667 3481 Gabaonitarum
686 3413 852 3500 pertinens
874 3412 913 3476 ad
930 3411 1050 3476 tribum
1071 3410 1166 3478 Iudae
1188 3414 1339 3480 euntibus

198 3520 240 3584 ab
262 3519 357 3585 Aelia
379 3519 562 3604 Diospolim
585 3519 620 3584 in
642 3518 782 3584 miliario
806 3537 902 3584 nono.
926 3516 964 3582 tle
986 3516 1047 3582 hac
1068 3516 1133 3581 fnit
1146 3515 1241 3582 Urias
1264 3540 1339 3603 pro-

152 3657 185 3707 ³0
199 3622 312 3708 pheta,
346 3645 442 3708 quem
465 3622 628 3688 interfecit
649 3622 792 3688 Ioachim
814 3623 849 3687 in
870 3621 1059 3698 Ierusalem,
1083 3623 1165 3687 sieut
1186 3621 1339 3688 Ieremias

198 3727 320 3792 scribit.
342 3727 398 3792 sed
420 3729 453 3794 et
475 3728 510 3792 in
525 3726 797 3813 Paralipomenon
819 3725 903 3790 libro
926 3725 1012 3790 filins
1034 3723 1134 3790 Sobel
1156 3725 1338 3811 adpellatur
1442 3749 1452 3766 ·

197 3829 431 3896 Cariathiarim.

282 3935 392 4001 (lision
414 3936 448 4000 in
472 3937 561 4000 tribu
584 3934 741 4011 Issachar,
764 3934 880 4000 ciuitas
902 3937 1052 4019 separate
1074 3931 1208 3998 Leuitis.

268 4105 280 4139 1
299 4085 451 4152 hlamma
466 4085 471 4152 Ι
486 4103 503 4150 4
521 4085 561 4140 Dc
576 4101 612 4150 r,r
630 4086 635 4154 Ι
651 4102 665 4150 7
684 4083 840 4150 Nnm33,42
855 4083 859 4149 Ι
876 4100 891 4149 9
909 4082 1012 4148 ncces
1027 4081 1032 4148 Ι
1049 4081 1208 4144 rrlos18,28
1225 4081 1229 4147 Ι
1247 4099 1275 4134 rs
1294 4080 1338 4136 lor

197 4195 265 4244 rapa
281 4176 286 4243 Ι
304 4195 331 4243 ¹3
351 4177 474 4242 Ioum
491 4174 496 4240 Ι
514 4193 543 4240 re
561 4174 685 4241 Iosry,18
701 4174 706 4240 Ι
724 4191 751 4240 ις
764 4172 890 4238 luerunt
906 4174 910 4242 Ι
928 4190 955 4240 ¹5
976 4171 1116 4238 Psrlt,57
1134 4171 1138 4237 Ι
1156 4170 1317 4238 17los15,21
1332 4169 1336 4241 Ι

198 4271 227 4320 18
246 4266 290 4321 Ios
310 4283 379 4334 15,22
395 4270 399 4334 Ι
417 4284 446 4335 ¹9
463 4265 508 4320 loe
519 4283 589 4334 ιςμ
604 4267 609 4332 Ι
626 4283 654 4332 ²3
674 4264 799 4332 Ios15,⁶o
814 4266 819 4332 Ι
835 4284 867 4330 ²4
884 4265 928 4320 loe
940 4268 993 4328 1⁶,8
1009 4263 1014 4330 Ι
1030 4279 1058 4330 ²5
1077 4260 1123 4318 Ios
1138 4279 1208 4327 arus
1224 4261 1228 4330 Ι
1245 4267 1275 4318 2⁶
1293 4263 1338 4319 Ios

197 4373 251 4424 17,9
265 4357 271 4424 Ι
287 4374 316 4423 27
335 4356 380 4410 Ios
401 4360 472 4420 ιω
486 4355 491 4422 Ι
507 4373 539 4421 30
556 4353 683 4418 lentae
698 4355 703 4420 Ι
719 4372 747 4420 31
768 4353 844 4408 Parl
864 4355 938 4422 ²¹50l
955 4371 983 4419 33
1004 4351 1127 4420 lusrypo
1142 4351 1147 4418 Ι
1164 4369 1192 4419 33
1214 4350 1259 4406 Ios
1267 4357 1337 4416 21,28
