3186 5150
790 389 833 454 88

335 557 481 623 Mada
511 555 688 622 confinium
716 555 815 622 Iudae
846 555 1020 640 respiciens
1042 553 1083 620 ad
1103 555 1299 639 aquilonem.
1399 585 1411 620 ι

333 661 436 728 Arath
460 661 619 726 terminus
640 663 674 725 et
694 660 763 746 ipse
784 659 883 726 Iudae
901 658 1023 724 distem
1044 680 1064 723 a
1084 657 1232 726 chebron
1257 659 1388 726 milibus

247 765 367 850 uiginti
390 763 431 829 sd
455 764 630 842 meridiem,
651 764 690 830 dc
712 784 778 848 qno
800 785 897 849 supra
919 763 1042 828 dietum
1064 765 1124 828 est.

331 870 509 934 asarenam
533 868 690 933 terminus
711 867 809 933 Iudae
830 867 871 933 ad
893 868 1167 952 septemtrionem.

330 972 466 1037 Asernai
488 971 646 1037 erminus
668 973 702 1036 et
723 971 793 1054 ipse
815 970 923 1037 Iudae.
1397 998 1412 1048 ς

334 1077 457 1144 Arbela
490 1077 648 1142 terminus
670 1076 767 1142 Iudae
801 1079 909 1142 ortum
938 1075 1015 1142 colis
1048 1073 1238 1158 adspiciens.
1283 1078 1333 1140 cst
1353 1081 1389 1140 et

247 1202 347 1265 usque
370 1179 466 1246 hodie
496 1181 586 1245 uicus
615 1178 717 1246 Arbel
747 1183 838 1244 trans
866 1178 1039 1245 Iordanem
1066 1179 1100 1244 iu
1129 1177 1249 1244 finibus
1280 1178 1386 1245 Pellae

248 1285 392 1351 ciuitatis
413 1284 615 1350 Palaestinae
637 1288 671 1349 et
702 1283 785 1350 alius
810 1282 873 1349 hoc
895 1281 1054 1350 uocabulo
1086 1281 1121 1346 in
1150 1301 1265 1367 campo
1295 1305 1385 1368 prae·

244 1389 370 1475 grandi,
392 1389 517 1455 distans
538 1389 580 1455 ab
602 1387 723 1474 oppido
744 1385 898 1476 Legionis
919 1385 1049 1452 milibus
1071 1406 1197 1452 nouem.

335 1493 446 1560 Aulon
467 1515 534 1560 non
555 1512 708 1579 graecm
730 1492 781 1576 (nt
802 1491 932 1576 quidam
956 1489 1103 1575 putant),
1133 1489 1188 1556 sed
1209 1487 1383 1556 hebraeum
1402 1517 1433 1552 ιο

245 1596 439 1663 uocabulum
461 1599 520 1662 est.
565 1595 747 1682 adpellatur
769 1597 877 1660 autem
907 1594 1002 1660 uallis
1023 1593 1154 1678 mandis
1181 1595 1279 1677 atque
1302 1614 1388 1658 cam·

248 1704 364 1789 pastris
386 1704 422 1769 in
444 1705 624 1770 inmensam
646 1703 883 1789 longitudinem
904 1723 937 1768 se
960 1700 1144 1780 extendens,
1158 1701 1388 1785 quaecircum-

249 1807 344 1872 datur
367 1829 406 1872 ex
429 1809 567 1892 utreque
593 1810 687 1890 parte
707 1807 872 1872 montibus
894 1805 957 1871 sibi
986 1805 1125 1871 inuicem
1146 1804 1388 1872 succedentibus

246 1917 280 1979 et
302 1912 565 1993 cohaerentibus,
587 1916 644 2000 qui
665 1915 857 2000 incipientes
880 1936 901 1978 a
914 1912 1040 1978 Libano
1054 1916 1088 1978 et
1103 1912 1191 1980 ultra
1203 1935 1276 1978 eum
1285 1935 1386 1998 usque

248 2017 289 2084 ad
311 2018 474 2084 desertam
496 2017 603 2084 Faran
627 2019 832 2104 perueniunt.
878 2021 1017 2104 suntque
1038 2019 1074 2083 in
1097 2019 1168 2104 ipso
1190 2017 1332 2098 Aulona,
1354 2019 1386 2085 id
1401 2039 1427 2088 ¹⁵

247 2125 298 2188 est
320 2123 353 2186 in
377 2122 463 2189 ualle
485 2124 674 2209 campestri,
706 2124 803 2189 urbes
834 2123 958 2189 nobiles
988 2121 1212 2209 Scythopolis,
1240 2123 1387 2190 'liberius

245 2228 462 2312 stagnumque
484 2230 620 2312 propter
642 2248 736 2309 eam,
759 2227 815 2292 aed
837 2229 870 2292 et
891 2225 1033 2307 Iericho,
1056 2248 1145 2294 mare
1167 2230 1331 2293 mortuum
1353 2231 1387 2293 et

245 2330 392 2417 regiones
413 2331 623 2410 incircuitu,
651 2351 709 2416 per
730 2350 811 2416 quas
834 2331 957 2397 medius
992 2331 1139 2398 Iordanis
1166 2331 1255 2411 fluit,
1276 2332 1386 2398 oriens

246 2433 285 2498 de
307 2433 454 2498 fontibus
475 2432 634 2500 Ponendis
657 2434 747 2499 etin
769 2434 851 2499 mari
874 2436 1001 2500 mortno
1023 2434 1189 2500 interiens.

334 2537 521 2603 Amaleeitis
551 2537 642 2622 regio
670 2537 705 2602 in
734 2537 860 2602 deserto
890 2537 931 2603 ad
964 2537 1130 2604 meridiem
1161 2537 1259 2604 Iudae
1291 2541 1430 2604 transeo

246 2641 358 2707 urbem
381 2641 511 2708 Petram
534 2642 688 2708 euntibus
709 2640 825 2722 Ailam,
848 2642 940 2708 cuius
961 2646 995 2707 et
1016 2641 1177 2728 scriptura
1200 2643 1386 2710 recordatur

244 2745 355 2812 dicens
376 2745 510 2812 Amalec
527 2745 652 2812 tubitet
665 2747 701 2812 ic
724 2751 811 2813 terro
825 2746 870 2811 od
884 2753 1041 2813 electrum.
1065 2747 1120 2812 sed
1142 2751 1177 2813 et
1197 2748 1289 2813 iuxta
1310 2769 1385 2812 anm

245 2849 329 2914 aliua
352 2848 564 2915 chananaeus
585 2849 773 2927 habitabat,
806 2851 862 2934 qui
897 2853 931 2916 et
959 2851 1128 2916 dimicauit
1156 2853 1271 2918 eontra
1300 2852 1384 2919 filios

244 2952 369 3020 israhel
391 2953 424 3018 in
447 2953 591 3020 deserto:
619 2954 658 3020 de
681 2953 799 3038 quibus
827 2954 875 3018 ita
895 2953 1048 3020 scribitur
1069 2955 1203 3022 Amalec
1225 2961 1331 3023 cedem
1352 2962 1383 3022 et

250 3057 465 3126 Otouauceuc
476 3057 672 3126 habitantia
688 3059 783 3124 culte.
1399 3090 1426 3140 ις

334 3161 448 3229 habs.
494 3163 612 3248 Aquila
634 3163 776 3248 planam,
799 3160 1011 3247 Symmachus
1039 3166 1251 3248 campestrem
1284 3164 1385 3231 inter·

248 3273 428 3354 pretantur,
452 3270 536 3336 sicut
556 3289 655 3355 supra
675 3269 799 3334 dictum
831 3271 889 3334 est.
943 3289 1041 3354 porro
1070 3272 1121 3334 est
1150 3271 1184 3334 et
1212 3269 1276 3335 elia
1305 3269 1386 3334 uilla

224 3361 359 3438 'maha
382 3375 524 3452 nomine,
546 3373 581 3438 in
603 3373 723 3439 finibus
744 3373 993 3452 Diocaesareac,
1016 3393 1099 3458 quae
1127 3373 1205 3440 olim
1226 3374 1385 3441 Safforins

246 3473 430 3553 dicebatur,
460 3479 494 3542 et
522 3476 587 3541 alia
608 3476 712 3542 tribus
734 3474 866 3542 milibus
888 3496 909 3540 a
930 3473 1123 3562 Scythopoli
1154 3480 1268 3544 contra
1302 3479 1386 3544 oeci·

243 3577 384 3644 dentem.
1226 3631 1229 3636 -
1398 3581 1429 3665 35

333 3682 475 3748 Amman
507 3706 590 3769 quae
613 3705 700 3752 nunc
722 3683 904 3762 Filadelfia,
927 3684 1006 3752 urbs
1028 3683 1169 3752 Arabiae
1191 3687 1326 3766 nobilis,
1349 3689 1384 3753 in

244 3807 310 3872 qua
332 3786 565 3854 habitauerunt
591 3790 669 3856 olim
701 3789 832 3855 Rafaim
860 3809 942 3872 gens
972 3789 1123 3873 antiqua,
1156 3803 1254 3876 quam
1284 3792 1386 3858 inter·

244 3891 392 3957 fecerunt
413 3892 473 3958 filii
495 3891 568 3972 Lot,
591 3893 778 3960 habitantes
799 3914 858 3978 pro
881 3893 928 3959 eis
949 3893 983 3958 in
1006 3894 1155 3959 Amman.

329 3996 440 4083 Argob
461 3997 553 4084 regio
570 3995 621 4084 Og
634 3998 721 4084 regis
733 3996 838 4062 Busan
855 4017 951 4082 super
960 3995 1140 4078 Iordanem,
1164 4017 1247 4083 qnae
1268 4000 1385 4066 cecidit

316 4169 327 4202 ¹
348 4149 423 4204 uum
442 4154 496 4216 3⁴³
512 4151 517 4217 1
533 4169 548 4204 2
566 4149 643 4206 uum
661 4167 733 4217 eruo
747 4148 782 4219 lc
802 4147 1184 4220 =c7,2214uum34‚915
1203 4149 1280 4206 uum
1298 4151 1382 4224 acro!

242 4237 350 4292 tNum
369 4256 437 4306 μμ
455 4241 461 4307 Ι
477 4257 507 4293 ro
525 4238 608 4306 Dtr,r
625 4242 631 4304 1
647 4258 678 4295 so
696 4237 778 4308 llas
797 4235 1026 4306 Num13129i²4
1043 4237 1194 4308 Num¹4s²5
1211 4239 1312 4304 ΗΘΜ
1330 4240 1380 4312 ¹27!

242 4343 271 4391 27
292 4347 323 4372 =
344 4327 463 4394 87,813ι
483 4328 522 4384 Dt
541 4347 596 4398 cu
610 4329 616 4400 Ι
632 4348 663 4397 ³²
681 4329 720 4384 Dt
739 4327 813 4395 scol
830 4345 860 4394 ³4
879 4327 918 4382 Dt
936 4344 976 4394 sc
