3218 5150
798 427 860 490 150

738 599 787 663 De
810 597 931 663 Exodo.

349 702 522 768 Soeohoth.
580 704 685 788 prima
715 703 838 766 mansio
874 700 1013 766 filiorum
1048 698 1171 764 Israhel
1204 700 1239 765 in
1268 701 1403 780 deserto,

262 811 433 892 postquam
461 808 501 873 de
524 807 675 894 Aegypto
697 810 773 872 sunt
796 804 933 892 preteeti
963 806 1039 869 ante
1061 825 1156 889 quam
1190 827 1278 870 mare
1299 809 1406 894 trans-

261 912 349 976 irent
366 911 510 976 rubrum.

350 1015 408 1081 Sin
431 1017 593 1082 desertum
623 1017 708 1081 inter
734 1038 821 1082 mare
851 1015 986 1081 rubrum
1016 1019 1048 1080 et
1081 1014 1287 1080 solitudinem
1316 1014 1428 1086 Sinas

262 1141 337 1184 nam
360 1121 398 1186 de
420 1120 546 1186 deserto
569 1120 629 1186 Sin
660 1121 718 1185 filii
753 1119 877 1186 Israhel
907 1121 1067 1184 uenerunt
1097 1120 1131 1182 in
1154 1117 1293 1184 Rafidim
1324 1126 1358 1186 et
1386 1143 1403 1186 a

262 1224 400 1290 Rafidim
434 1227 469 1289 iu
498 1225 659 1290 desertum
681 1224 760 1290 Sina
788 1226 880 1290 iuxta
907 1225 1051 1290 montem
1074 1221 1162 1306 Sina,
1195 1224 1252 1288 ubi
1275 1222 1403 1311 Moyses

265 1329 393 1394 tabulas
415 1330 495 1414 legis
515 1331 650 1415 aceepit.
694 1330 854 1396 desertum
884 1331 991 1392 sutem
1025 1327 1082 1393 Sin
1111 1327 1196 1392 idem
1230 1328 1309 1393 dieit
1332 1353 1401 1396 esee

261 1435 423 1520 scriptura
448 1435 535 1520 qnod
565 1439 598 1502 et
620 1434 729 1500 Gades.
771 1435 827 1500 sed
849 1435 910 1500 hoe
936 1435 1026 1498 iuxta
1050 1432 1224 1500 Hebraeos.
1262 1442 1404 1502 osterum

261 1540 295 1604 in
319 1558 391 1606 Lxx
414 1539 648 1625 interpretibus
671 1561 736 1604 non
759 1539 906 1606 habetur.

544 1643 593 1710 De
617 1643 770 1710 Numeris
791 1647 825 1708 et
847 1642 1112 1708 Deuteronomio.

351 1747 512 1813 Selmena.
557 1751 664 1814 castra
685 1749 825 1813 filiorum
848 1746 974 1813 Israhel
995 1747 1031 1811 iu
1052 1746 1189 1811 deserto.

354 1849 458 1916 Safar.
504 1874 597 1916 mous
620 1851 711 1918 Safar
734 1854 767 1918 in
792 1853 917 1917 deserto
938 1858 1043 1916 eastra
1064 1851 1205 1915 filiorum
1226 1849 1360 1916 Israhel.

350 1955 479 2020 Sattim.
512 1957 567 2022 ubi
590 1957 733 2042 pollutus
755 1960 806 2022 est
821 1957 959 2041 populus
976 1957 1011 2022 in
1029 1954 1242 2020 fornicatione
1263 1955 1402 2020 filiarum

264 2055 373 2122 Moab.
419 2063 469 2124 est
491 2061 598 2125 autem
622 2063 713 2125 iuxta
735 2065 880 2126 montem
910 2059 1038 2145 Fogor‚
1068 2059 1153 2124 unde
1186 2063 1220 2124 et
1241 2059 1329 2125 Iesus
1351 2081 1405 2126 ex·
1420 2082 1448 2130 ¹5

202 2203 204 2210 ·
263 2162 444 2247 ploratores
465 2164 504 2230 sd
528 2166 788 2250 inuestigandam
810 2167 844 2230 et
867 2163 1058 2231 noseendam
1081 2164 1169 2228 misit
1192 2163 1325 2230 Iericho.

349 2265 495 2332 Sabama
542 2269 657 2333 eiuitus
677 2268 774 2334 Moab
793 2270 828 2334 iu
842 2273 928 2334 terra
940 2267 1071 2345 (laland,
1087 2288 1169 2352 quse
1190 2271 1223 2332 et
1237 2267 1353 2333 oeoidit
1368 2269 1401 2334 iu

264 2373 498 2455 possessionem
513 2372 618 2438 tribus
629 2373 756 2440 Ruben.
779 2374 928 2439 meminit
946 2371 1041 2437 huius
1059 2375 1092 2438 et
1105 2371 1205 2437 Isaiae
1226 2373 1260 2436 in
1279 2373 1403 2439 uisione

264 2478 377 2540 eontra
398 2474 505 2541 Moab.

352 2581 469 2648 Senos.
515 2586 671 2650 terminus
706 2584 813 2650 Iudae.
873 2589 906 2650 et
941 2605 1042 2669 usque
1082 2583 1178 2650 hodie
1220 2585 1402 2652 ostenditur
1417 2605 1450 2640 ²0

262 2687 296 2750 iu
338 2687 475 2771 septimo
514 2688 620 2774 lapide
657 2688 801 2754 Ieriehus
844 2693 958 2756 eontra
1001 2689 1299 2772 septemtrionalem
1336 2689 1405 2775 pla·

262 2811 338 2876 gam
375 2791 453 2857 nilla
491 2793 621 2858 nomine
651 2791 894 2878 Magdslssnna‚
931 2793 1017 2878 quod
1044 2794 1280 2877 interpretatur
1303 2795 1404 2860 turris

262 2891 379 2960 Sonus.

350 2997 466 3065 Seloha
487 3001 604 3066 ciuitas
625 3001 713 3087 regis
735 2999 786 3086 Og
807 3003 843 3067 in
865 3003 996 3085 regione
1018 2999 1217 3066 Basanitide.

350 3102 480 3170 Selama
502 3105 660 3170 terminus
681 3104 780 3170 Iudae
802 3107 843 3170 sd
865 3104 942 3170 solis
965 3107 1082 3170 ortum.
1417 3131 1446 3180 ας

349 3207 476 3275 Sadada
496 3211 654 3276 termium
677 3209 785 3276 Iudae.

698 3315 748 3381 De
770 3314 853 3380 libro
876 3312 960 3379 Iesu.

349 3415 516 3482 someron.
561 3421 595 3484 et
635 3417 719 3484 hane
751 3419 838 3503 oepit
866 3415 954 3481 Iesus
984 3437 1060 3504 rege
1102 3417 1190 3482 illius
1220 3415 1403 3484 interfecto.

263 3520 376 3586 dieunt
409 3523 518 3587 summ
547 3543 633 3590 nune
661 3545 721 3609 pro
744 3544 783 3588 ea
804 3521 962 3588 Sebasten
984 3521 1094 3589 uocari
1114 3522 1270 3609 oppidum
1291 3520 1405 3589 Palae-

263 3625 378 3703 stinae,
401 3625 458 3691 ubi
480 3627 584 3691 saneti
606 3626 760 3691 Iohannis
783 3625 945 3710 baptistae
969 3623 1123 3708 reliquiae
1145 3623 1294 3690 conditae
1314 3627 1401 3690 sunt.
1417 3655 1449 3703 ,ο

262 3729 398 3814 legimus
425 3731 460 3795 in
493 3751 665 3814 regnorum
698 3731 790 3796 libris
818 3729 904 3814 quod
927 3729 1019 3794 Amri
1049 3749 1105 3795 rex
1133 3728 1256 3794 [srahel
1288 3731 1404 3796 emerit

262 3839 406 3900 montem
422 3833 576 3902 Semeron
599 3835 775 3920 aquodam
797 3833 907 3900 Semer
930 3837 964 3899 et
986 3833 1204 3900 aedilieauerit
1225 3835 1259 3898 iu
1280 3837 1402 3901 uertice

260 3940 330 4004 eius
343 3939 522 4022 eiuitstem,
544 3960 642 4025 qnam
664 3962 704 4006 ex
719 3939 850 4006 nomine
868 3939 990 4006 domiui
1005 3939 1219 4024 adpellauerit
1235 3939 1400 4006 Semeron.

334 4125 349 4160 2
367 4107 409 4162 nx
420 4125 489 4175 12237
505 4108 510 4175 Ι
525 4125 538 4175 s
559 4107 601 4163 ux
620 4113 671 4174 1⁶21
688 4109 694 4175 Ι
710 4127 724 4176 7
743 4107 819 4163 Num
833 4124 901 4175 eeu
918 4109 923 4174 Ι
940 4112 954 4160 ⁸
973 4107 1048 4162 raum
1063 4112 1134 4175 καθ
1150 4107 1154 4174 Ι
1171 4126 1201 4161 ¹2
1219 4106 1295 4161 uum
1313 4125 1382 4174 sno
1397 4105 1402 4176 l

262 4213 289 4262 ¹³
310 4195 384 4251 Num
404 4216 474 4266 33,23
491 4197 495 4264 Ι
513 4215 543 4264 ¹4
561 4198 636 4253 Num
656 4201 730 4266 ²5=1l
757 4215 783 4267 15
804 4198 848 4253 los
867 4217 904 4262 ω
921 4200 927 4256 l
945 4216 974 4263 ¹7
992 4195 1068 4252 Num
1086 4199 1178 4266 3238!
1202 4201 1230 4250 18
1249 4197 1293 4252 Ios
1313 4195 1400 4268 rasel

260 4289 289 4339 18
309 4286 354 4340 lna
372 4288 446 4353 :sal
469 4305 502 4340 so
519 4286 595 4342 Num
614 4288 689 4357 3441
706 4307 737 4342 20
755 4288 799 4344 Ios
819 4305 870 4354 15‚3
888 4287 893 4354 Ι
918 4305 949 4352 24
967 4287 1005 4343 Dt
1023 4289 1099 4356 gno!
1122 4305 1149 4356 ²5
1170 4286 1245 4342 Num
1265 4305 1336 4356 34,ro
1350 4287 1356 4354 1
1372 4293 1403 4341 2⁶

260 4373 336 4428 Num
356 4380 409 4442 34,8
426 4377 431 4442 Ι
447 4380 476 4429 28
496 4375 540 4431 Ios
561 4380 695 4446 ¹2220131
716 4377 777 4447 Reg
794 4375 836 4431 III
856 4378 926 4440 roas
