3218 5150
753 351 795 416 89

173 521 231 586 rin
265 521 385 585 sortem
415 517 566 584 dimidiae
595 519 700 584 tribus
727 519 885 586 Manasae.
939 522 973 584 et
1008 521 1057 585 est
1100 543 1201 606 usque
1242 521 1338 587 hodie

196 624 288 688 uicus
316 623 402 689 circa
424 621 578 688 Gerasam
601 623 713 689 urbem
738 623 898 703 Arabiae,
926 623 1108 708 quindecim
1131 623 1172 690 ab
1195 647 1234 690 aa
1255 625 1340 690 mili-

195 730 259 795 bus
291 728 415 794 distans
448 730 562 792 contra
583 728 797 808 occidentem,
832 729 888 814 qui
911 727 999 814 Arga
1019 727 1209 814 adpellatur.
1253 731 1339 816 quod

196 833 433 919 interpretatur
456 829 665 916 Symmachus
688 855 880 899 mensuram.

170 961 184 1008 s
282 935 424 1002 Asedoth
453 937 532 1001 urbs
563 935 830 1016 Amorraeorum,
869 959 952 1022 quae
986 937 1100 1003 cecidit
1142 937 1176 1002 in
1217 939 1338 1004 sortem

196 1041 304 1106 tribus
326 1039 452 1106 Ruben.
496 1039 677 1126 adpellatur
699 1045 806 1107 autem
822 1041 931 1108 addito
953 1043 1170 1126 cognomento
1197 1039 1339 1106 Asedoth

202 1144 318 1231 Fasga,
350 1143 436 1229 quod
459 1145 494 1210 in
516 1144 630 1230 lingna
651 1147 763 1210 nostra
783 1147 915 1212 resonat
937 1145 1106 1212 abscisum.

288 1247 424 1313 Abarim
458 1269 551 1312 mons
572 1248 607 1312 in
630 1269 694 1334 quo
716 1251 862 1314 mortuus
885 1249 1082 1336 estMoysea.
1104 1249 1340 1315 diciturautam

201 1357 235 1418 ct
259 1374 351 1418 mons
373 1373 441 1418 esse
463 1349 580 1417 Nabar
603 1353 638 1418 iu
661 1355 748 1419 terra
769 1351 867 1419 Moab
882 1359 995 1420 contra
1013 1353 1140 1421 Iericho
1163 1353 1341 1439 supralor·

155 1481 187 1515 ιο
201 1457 318 1522 danem
349 1456 385 1521 in
417 1457 590 1542 supercilio
621 1455 735 1542 Fasga.
792 1458 1034 1543 ostenditurque
1072 1457 1340 1524 adscendentibus

200 1562 240 1628 de
263 1559 396 1626 Libiade
414 1561 448 1626 in
470 1561 594 1626 Esbum
616 1562 752 1647 antiquo
773 1561 934 1648 hodieque
956 1563 1114 1628 uocabulo
1137 1563 1229 1628 iuxta
1250 1585 1343 1628 mon·

199 1669 269 1730 tem
290 1663 398 1751 Fegor
419 1687 537 1730 noman
560 1665 734 1751 pristinum
763 1665 978 1746 retinentem,
1009 1688 1027 1730 a
1061 1688 1126 1753 quo
1160 1668 1340 1732 circaeam

200 1769 293 1856 regio
316 1791 416 1854 usqne
440 1791 526 1836 nnnc
547 1770 729 1856 adpellatur
750 1769 866 1856 Fasga.

290 1876 471 1956 Anothiair,
495 1878 581 1962 quod
603 1878 842 1962 interpretatur
861 1873 1013 1952 ἐπαύλεις
1038 1873 1148 1964 'Iucia
1192 1877 1271 1944 baec
1291 1881 1341 1945 eat

157 1999 186 2050 ¹5
206 1979 324 2060 Busan,
347 1981 381 2045 in
405 2003 469 2066 qua
491 1984 568 2047 sunt
589 1981 654 2047 uici
676 1982 844 2067 sexaginta
865 1981 901 2047 in
923 1984 1033 2048 monta
1056 1981 1189 2064 Galaad,
1212 1983 1268 2068 qui
1290 2005 1342 2048 ce-

203 2073 351 2151 ciderunt
371 2087 408 2151 in
429 2089 547 2152 sortem
569 2085 722 2151 dimidiae
744 2085 850 2150 tribus
872 2083 1037 2165 Manasae,
1067 2087 1123 2170 qui
1145 2087 1234 2153 locus
1254 2109 1341 2153 nunc

202 2193 338 2256 uocatur
360 2188 475 2256 (lolam
496 2191 530 2256 in
552 2193 639 2256 terra
653 2188 828 2255 Batanaea.

587 2293 637 2360 De
658 2294 742 2360 libro
765 2295 837 2360 Iesu
860 2292 962 2360 Naue.

289 2396 511 2463 Antilibanus.
532 2418 570 2465 ea
591 2418 674 2483 quae
695 2400 773 2462 sunt
794 2419 892 2484 supra
912 2394 1072 2462 Libanum
1088 2396 1127 2462 ad
1151 2396 1340 2463 orientalem

157 2524 191 2559 ιο
205 2500 336 2586 plagam
358 2501 564 2587 respicientia
587 2501 799 2568 Antilibanus
821 2501 1029 2588 adpellantur
1056 2501 1142 2566 circa
1174 2501 1340 2587 regionem

204 2605 295 2670 urbia
317 2604 478 2682 Damasci,
501 2626 583 2689 quae
606 2605 722 2671 cecidit
743 2607 778 2670 iu
800 2607 921 2670 sortem
943 2605 1047 2670 tribus
1068 2602 1224 2670 Manaese.

289 2709 396 2776 Aueca
418 2709 534 2775 ciuitas
555 2708 822 2776 chananaeorum
844 2710 879 2774 in
909 2717 1000 2796 parta
1027 2709 1132 2775 tribus
1161 2709 1276 2790 Iudae,
1299 2711 1340 2777 ad

204 2835 301 2899 quam
330 2836 431 2900 usqua
462 2817 649 2901 persecutus
681 2817 731 2880 est
768 2813 857 2879 lesus
888 2814 1031 2899 quinque
1064 2834 1167 2900 reges.
1219 2814 1273 2879 sed
1309 2817 1343 2880 et

204 2917 300 2984 hodia
322 2921 459 2985 uocatur
483 2919 563 2984 uilla
583 2919 690 2986 Aueca
713 2919 801 2984 inter
822 2917 1101 3002 Eleutheropolim
1124 2920 1157 2982 et
1178 2917 1313 2983 Aeliam.

157 3055 188 3107 ²⁵
291 3023 410 3090 Aialon
450 3023 545 3090 uallis
579 3027 678 3108 atque
715 3027 942 3109 praeruptum,
979 3042 1075 3106 snper
1104 3021 1189 3106 quod
1226 3025 1341 3088 orante

203 3129 277 3195 Iesu
302 3129 465 3215 quondam
495 3129 573 3194 luna
606 3129 697 3194 stetit
732 3129 824 3192 iuxta
855 3126 967 3191 uillam
999 3147 1081 3210 quae
1118 3146 1219 3211 usque
1254 3147 1341 3192 nunc

204 3231 324 3300 Aialon
347 3234 476 3316 dicitnr,
498 3237 613 3300 contra
626 3233 786 3299 orientem
807 3229 962 3308 Bethelis,
982 3229 1087 3294 tribus
1103 3229 1145 3293 ab
1163 3251 1200 3294 aa
1211 3231 1342 3298 milibus

203 3339 327 3404 anans
348 3337 429 3403 baut
450 3339 562 3426 procul
584 3360 603 3402 a
625 3336 737 3404 Gabaa
759 3339 793 3402 at
814 3334 919 3402 Rama
941 3333 1045 3400 Saulis
1067 3334 1211 3400 urbibus.
1243 3358 1340 3422 porro

205 3441 344 3509 Hebraei
366 3443 539 3508 adfirmant
561 3443 681 3508 Aialon
702 3442 811 3507 uicum
833 3462 900 3508 esse
922 3440 1015 3505 iuxta
1036 3437 1223 3527 Nicopolim
1245 3443 1280 3507 in
1295 3463 1344 3508 se-

163 3548 310 3631 3ocnndo
331 3547 438 3634 lapide
460 3547 670 3634 pergentibus
688 3544 825 3612 Aeliam.

290 3651 409 3718 Achor.
453 3652 603 3719 hebraice
627 3651 745 3717 dicitnr
767 3646 979 3726 Emecacbor,
1002 3647 1089 3732 quod
1110 3647 1342 3731 iuterpretatur

204 3756 299 3821 uallis
321 3757 480 3822 tumultus
511 3758 580 3823 siue
601 3756 788 3834 turbarum,
822 3775 861 3819 eo
889 3752 1043 3838 quodibi
1065 3751 1282 3816 tumultuatus
1309 3751 1342 3815 et

203 3859 352 3926 turbatus
373 3861 417 3926 sit
438 3860 570 3927 Israhel.
615 3862 739 3946 inqua
765 3859 992 3946 lapidauernut
1020 3857 1183 3942 quondam
1226 3852 1342 3920 Acban

203 3966 337 4051 propter
358 3963 480 4030 lurtum
510 3963 736 4031 anathematis.
794 3966 843 4029 est
876 3964 983 4028 antem
1017 3962 1057 4026 ad
1079 3957 1341 4045 septemtrionem

275 4195 1033 4269 5Dt3,17l8Dt3affplrth34ulr4Dt3p4l
1056 4191 1227 4263 1910r1‚41
1250 4210 1278 4246 aa
1299 4191 1343 4247 los

207 4291 297 4360 rouel
313 4307 341 4358 ²5
360 4287 405 4345 los
425 4307 495 4354 κομι
510 4298 516 4355 Ι
531 4309 559 4357 3¹
580 4288 624 4345 Ios
643 4292 697 4356 γρῦ
714 4289 718 4357 Ι
