3218 5150
813 391 876 454 154

269 562 457 626 bitauernnt
478 561 513 626 in
535 560 680 626 Samaria
702 563 735 625 et
757 560 799 624 ab
818 559 898 644 ipsis
924 557 1199 626 Samaritanorum
1225 581 1303 644 gens
1322 583 1431 625 sum-1

267 667 332 751 psit
354 667 530 732 exordium.
574 666 724 731 meminit
746 664 862 730 horum
885 668 919 729 et
939 663 1048 730 Isaiae.

353 768 527 836 Sademoth
550 771 606 834 ubi
629 769 730 835 Iosies
752 790 810 834 rex
831 768 992 833 idolorum
1014 770 1105 854 signa
1127 768 1311 834 combussit.

357 874 492 960 Sarepta
529 875 720 960 oppidulum
753 873 957 940 Sidoniorum
990 875 1023 940 in
1054 875 1109 940 uia
1134 873 1265 959 publica
1298 874 1405 942 situm.

267 981 324 1044 ubi
346 980 510 1045 habitauit
531 980 691 1064 qnondam
715 979 814 1045 Elias.
1414 1010 1428 1058 ς

355 1083 468 1163 Saron,
490 1085 581 1149 cuius
603 1086 638 1148 et
660 1083 760 1149 Isaiae
783 1085 931 1150 meminit
951 1084 1062 1150 dicens
1082 1083 1118 1148 in
1135 1083 1275 1166 paludes
1294 1103 1409 1148 stersus

268 1196 316 1254 cst
343 1188 460 1255 Saron.
494 1187 658 1272 usquein
686 1192 889 1274 praesentem
911 1189 997 1254 diem
1018 1190 1109 1273 regio
1143 1189 1230 1253 inter
1262 1191 1405 1252 montem

269 1293 401 1359 Thabor
424 1295 457 1358 et
478 1296 629 1376 stagnum
662 1292 839 1359 Tiberiadis
874 1293 1013 1359 Surenas
1042 1293 1233 1378 adpellatur.
1288 1293 1342 1360 sed
1373 1297 1408 1359 ct

268 1424 289 1466 a
325 1399 479 1466 Caesarea
517 1398 719 1464 Palaestinae
759 1419 860 1484 usque
902 1399 943 1464 ad
976 1399 1130 1484 oppidum
1167 1398 1269 1483 Ioppe
1305 1399 1408 1464 omnis

266 1513 355 1574 terra
376 1529 457 1592 quae
478 1507 622 1572 cernitur
644 1505 761 1572 dicitur
784 1504 933 1572 Saronas.

355 1610 471 1694 Sefela,
492 1613 575 1676 sicut
593 1611 707 1676 scribit·
727 1610 836 1674 Isaiae.
872 1631 932 1695 pro
956 1630 1021 1694 qno
1043 1609 1161 1694 Aquila
1182 1611 1404 1698 campestrem,

270 1715 483 1802 Symmachus
504 1716 623 1781 uallem
653 1715 897 1800 interpretatur.
942 1735 1043 1799 usque
1072 1713 1167 1780 hodie
1189 1716 1295 1782 omnis
1316 1717 1406 1800 regio

268 1824 361 1888 iuxta
387 1821 664 1906 Eleutheropolim
699 1820 888 1905 campestris
917 1821 949 1885 el
981 1820 1081 1904 plena
1110 1841 1193 1904 qnae
1227 1821 1337 1907 uergit
1365 1819 1405 1885 ad

270 1927 455 2013 aquilonem
478 1928 512 1990 et
533 1925 734 1991 occidentem
756 1922 863 1989 Sefela
885 1924 1014 1990 dicitur.

355 2030 516 2110 Sennaar,
544 2051 604 2116 pro
627 2051 691 2116 quo
722 2029 843 2114 Aquila
872 2028 1022 2108 sanam,
1056 2029 1266 2114 Symmachus
1306 2032 1408 2096 inter·
1423 2068 1450 2117 ¹5

268 2139 416 2222 pretatur
438 2135 574 2202 uberem.
606 2126 766 2199 'meminit
787 2133 883 2198 huius
905 2137 939 2199 et
960 2131 1124 2198 Michaeas
1146 2134 1315 2220 propheta.

356 2241 498 2306 Sedraeh
520 2243 607 2306 terra
629 2239 790 2304 Damasci.
835 2239 972 2324 legimus
991 2239 1026 2304 in
1048 2239 1210 2305 Zacharia

356 2344 434 2412 Sion
457 2367 550 2410 mons
572 2345 662 2409 urbis
683 2343 868 2409 Ierusalem.

357 2451 503 2516 Samaria
533 2450 647 2517 ciuitas
680 2448 799 2534 regalis
830 2448 866 2513 in
886 2447 1025 2525 Israhel,
1052 2469 1135 2533 qnae
1165 2471 1252 2516 nunc
1274 2449 1408 2518 Sebaste

271 2559 489 2640 nuncupatur.
512 2553 565 2620 sed
589 2556 622 2619 et
645 2557 749 2620 omnis
771 2554 861 2638 regio
875 2573 958 2636 qnae
974 2553 1059 2617 circa
1077 2573 1148 2620 eam
1161 2551 1224 2618 fuit
1241 2577 1260 2619 a
1275 2556 1406 2624 ciuitate
1422 2597 1454 2631 20

269 2659 431 2744 quondam
454 2679 571 2722 nomen
595 2660 771 2743 acceperat.

356 2760 417 2827 Sor
439 2760 542 2848 Tyrus
566 2763 751 2848 metropolis
775 2762 922 2828 annieis
944 2763 977 2826 in
1000 2762 1088 2827 tribu
1111 2759 1255 2846 Neptali.

357 2864 461 2932 Scene
484 2866 601 2931 ciuitas
623 2865 806 2944 Thebaidis,
828 2868 914 2932 sicut
935 2867 1047 2932 scribit
1068 2865 1228 2931 Ezechiel.

357 2969 428 3036 Sais
451 2971 567 3036 ciuitas
586 2969 747 3056 Aegypti,
771 2972 862 3036 cuius
883 2971 1031 3036 meminit
1051 2969 1210 3036 Ezechiel.
1248 2993 1353 3056 aqua
1375 2976 1409 3038 et

270 3076 367 3140 saites
389 3097 502 3161 pagus.
1422 3115 1450 3163 ²5

358 3179 473 3246 Sadala
495 3180 653 3246 terminus
674 3181 782 3257 Iudae,
806 3181 890 3245 sicut
911 3179 1023 3244 scribit
1044 3177 1203 3243 Ezechiel.

356 3284 504 3350 Sabarim
517 3286 603 3351 inter
618 3285 811 3351 Damascum
830 3287 863 3350 et
878 3282 1007 3360 Emath‚
1028 3283 1113 3348 sicut
1125 3281 1240 3347 scribit
1249 3280 1408 3348 Ezechiel.

358 3387 476 3467 Salias,
511 3411 656 3475 proquo
680 3389 802 3475 Aquila
831 3388 1066 3473 interpretatur
1096 3387 1299 3452 triennalem.
1343 3409 1410 3453 me·

271 3493 368 3558 minit
390 3492 485 3558 huius
507 3494 670 3560 Ieremias.

708 3597 758 3663 De
780 3597 967 3682 euangeliis
1423 3640 1453 3688 30

359 3699 482 3786 Sychsr
504 3704 581 3768 ante
604 3700 776 3789 Neapolim
809 3701 901 3766 iuxta
933 3721 1044 3786 agrum
1074 3721 1168 3787 quem
1199 3701 1287 3767 dedit
1312 3703 1409 3768 Iacob

273 3805 340 3870 filio
365 3826 422 3868 sno
445 3804 581 3890 Ioseph,
613 3806 646 3869 in
670 3828 734 3890 quo
764 3806 913 3872 dominns
934 3807 1045 3869 noster
1076 3807 1174 3889 atque
1197 3805 1340 3872 saluator
1362 3829 1411 3872 se·

273 3909 413 3974 cundum
436 3909 640 3994 euangelium
663 3909 816 3975 Iohannis
837 3908 1053 3974 samaritanae
1076 3909 1203 3974 mulieri
1225 3911 1410 3996 adputeum

272 4013 428 4099 loquitur,
452 4013 509 4078 ubi
531 4036 616 4080 nnnc
638 4015 772 4080 ecclesia
794 4013 953 4079 fabricate
975 4016 1033 4078 est.

343 4143 553 4213 mesols
574 4145 683 4216 asglv
703 4142 1252 4220 2ssl4R0s11117ol⁶1⁸⁸seal¹¹
1271 4145 1409 4219 basol

273 4233 434 4300 151ssn,u
451 4236 456 4301 Ι
474 4235 651 4300 ι6Μίοὴι,ιι
668 4243 673 4304 Ι
690 4235 848 4304 17Zach9,1
866 4234 871 4300 Ι
889 4229 1064 4302 ιδΖιιοὴ9,9Ι
1081 4233 1248 4307 ι9Ειι6461
1260 4235 1409 4309 saltante}

270 4343 300 4391 ²³
320 4323 434 4393 Euam
449 4323 454 4390 l
470 4343 501 4390 24
519 4323 632 4391 Enseu
649 4325 654 4392 l
670 4328 701 4379 2⁶
719 4325 829 4391 Eurus
847 4325 852 4388 l
874 4321 1030 4388 2713247216
1044 4325 1050 4392 l
1066 4341 1096 4391 29
1115 4323 1238 4394 letales
1252 4328 1258 4396 l
1274 4346 1303 4396 ss
1315 4327 1410 4398 lohes
