3218 5150
739 447 800 510 149

170 643 182 676 1
280 610 393 677 Sofera
416 633 509 678 mons
531 617 666 679 orientis
681 617 715 680 in
738 617 841 694 India,
866 618 958 680 iuxta
980 637 1076 700 quem
1099 616 1333 680 habitauerunt
1444 619 1448 626 '

193 716 253 781 filii
271 716 382 782 leetan
404 715 462 781 filii
485 717 608 797 Heber,
633 741 713 804 quos
728 720 885 805 Iosephus
897 719 997 786 refert
1018 742 1038 785 a
1058 719 1178 786 Cofeue
1199 719 1332 784 flumine

194 825 229 886 et
251 821 362 886 Indiae
391 823 579 907 regionibns
608 847 708 910 usqua
730 827 770 891 ad
804 826 837 891 id
868 827 1013 890 looorum
1043 828 1244 912 peruenisse,
1278 825 1334 890 ubi

194 929 376 1014 adpellatur
399 931 487 1016 regio
510 932 604 997 Ieria.
641 934 695 999 sed
711 937 744 998 et
760 934 870 999 elassis
885 933 1068 999 Salomonis
1085 957 1142 1019 per
1155 934 1332 998 triennium

171 1033 269 1109 shiuo
290 1035 446 1118 quaedam
469 1039 658 1102 eommeroia
681 1039 882 1122 deportabat.

282 1137 381 1204 Seora
403 1140 482 1205 urbs
503 1141 594 1205 iuxta
615 1143 787 1208 Sodomam
810 1165 892 1228 quaa
917 1145 951 1208 et
971 1141 1074 1226 Segor
1104 1143 1138 1207 et
1152 1140 1270 1217 Zoara,
1294 1140 1334 1204 de

197 1247 314 1327 quaet
335 1265 433 1330 supra
454 1247 602 1311 diximus.

283 1347 365 1414 Saue
388 1351 502 1416 ciuitas
525 1353 659 1436 antiqua
680 1353 715 1416 in
738 1375 803 1436 qua
824 1354 1057 1418 habitauerunt
1090 1350 1234 1416 Ommaei
1258 1370 1338 1433 geno

197 1452 313 1529 ualida,
332 1472 428 1538 super
438 1455 603 1539 regionem
615 1455 782 1535 Sodomae,
802 1479 899 1541 quam
920 1456 1040 1522 excidit
1050 1455 1335 1536 chodorlagomor.

158 1589 189 1622 ιο
283 1559 354 1625 Seir
376 1583 468 1626 mons
488 1564 521 1626 in
544 1567 631 1627 terra
655 1564 777 1642 Edam,
808 1566 842 1628 in
875 1586 941 1649 qno
973 1563 1137 1628 habitauit
1166 1561 1269 1638 Esau,
1303 1562 1337 1625 in

197 1665 331 1748 regione
354 1664 536 1747 Gebalena,
577 1689 658 1752 qnae
680 1691 720 1733 ex
738 1692 776 1734 eo
804 1671 889 1754 quod
920 1669 1007 1733 Esau
1035 1669 1157 1754 pilosus
1189 1669 1273 1731 esset
1303 1671 1336 1730 et

198 1769 342 1853 hispidus
364 1769 443 1848 Seir,
467 1771 529 1836 hoo
551 1777 600 1836 eat
622 1773 725 1858 pilosi,
749 1794 867 1838 noman
889 1773 1024 1857 aceepit.
1057 1773 1093 1836 in
1116 1771 1233 1854 quibus
1254 1769 1335 1834 loeis

199 1879 274 1936 aute
309 1873 471 1938 habitauit
504 1874 699 1953 chorraeus,
724 1898 820 1960 quem
853 1877 1018 1940 interfecit
1050 1875 1334 1958 Ghodorlagomor.

200 1978 350 2042 meminit
372 1980 493 2043 montio
515 1978 586 2043 Seir
608 1983 640 2044 et
663 1979 762 2044 Isaiae
784 1982 817 2044 in
842 1981 968 2044 uisioue
989 1979 1167 2044 Idumaeae.

156 2113 184 2161 ¹5
288 2081 396 2148 Salem
418 2084 535 2148 ciuitas
557 2082 750 2148 Sioimorum
777 2105 860 2169 quae
890 2089 940 2149 est
961 2083 1098 2148 Siohem.
1143 2081 1198 2146 sad
1221 2084 1254 2144 et
1276 2080 1340 2145 alia

199 2185 278 2250 uilla
299 2187 480 2252 ostenditur
502 2208 602 2272 usque
624 2189 658 2252 in
672 2192 870 2272 praesentem
886 2189 970 2254 diem
982 2189 1072 2251 iuxta
1087 2186 1213 2251 Aeliam
1226 2188 1340 2250 eontra

199 2290 431 2356 oecidentalem
454 2290 585 2378 plagam
609 2293 669 2358 hoe
691 2295 832 2358 nomine.
877 2294 912 2358 in
934 2297 1049 2358 octauo
1080 2311 1208 2375 quoque
1233 2290 1340 2375 lapide

198 2417 218 2459 a
240 2393 430 2480 Soythopoli
457 2397 492 2461 in
519 2419 634 2482 eampo
656 2399 745 2462 uicus
767 2396 927 2463 Salumias
949 2397 1138 2482 adpellatur.
1185 2394 1339 2478 Iosephus

205 2521 283 2565 uero
306 2499 411 2567 Salem
442 2523 508 2567 esee
538 2502 688 2567 adfirmat
708 2503 742 2567 in
764 2524 828 2588 qua
849 2505 1002 2587 regnauit
1023 2499 1234 2566 Melchisedec
1259 2521 1342 2585 qnae

156 2633 189 2668 ω
210 2609 322 2691 postea
340 2606 427 2671 dieta
447 2609 497 2672 est
519 2605 651 2691 Solyma
674 2609 707 2671 et
721 2608 761 2673 ad
774 2611 954 2672 extremum
967 2606 1212 2691 Hierosolymae
1225 2626 1341 2669 nomen

204 2711 338 2796 aceepit.

292 2812 357 2878 Sur
378 2813 435 2877 ubi
457 2813 584 2879 inuenit
605 2814 742 2900 augelus
764 2815 913 2880 ancillam
927 2813 1025 2879 Sarae
1042 2816 1127 2898 Agar
1144 2814 1230 2878 inter
1244 2811 1343 2878 Gades

203 2922 236 2983 et
263 2917 377 2983 Barad.
421 2919 607 2984 extenditur
638 2923 748 2984 autem
778 2921 938 2984 desertum
961 2918 1023 2983 Sur
1054 2939 1155 3002 usque
1185 2917 1226 2981 ad
1254 2936 1342 2980 mare

203 3025 346 3101 rubrum,
370 3022 456 3105 quod
487 3023 528 3088 ad
560 3023 706 3110 Aegypti
736 3024 875 3090 confinia
906 3023 1064 3107 peruenit.
1123 3043 1220 3106 porro
1243 3019 1344 3086 Gades

158 3157 187 3206 ²⁵
203 3126 342 3192 solitudo
365 3133 532 3212 estsuper
554 3129 665 3194 urbem
689 3129 829 3194 Petram.
864 3129 919 3194 sed
942 3132 975 3192 et
996 3129 1158 3212 scriptura
1181 3126 1340 3189 desertum

203 3233 303 3299 (ledes
335 3234 449 3297 eontra
479 3231 593 3298 faciam
628 3235 773 3320 Aegypti
808 3233 938 3299 extendi
976 3237 1149 3308 memorat,
1177 3231 1215 3296 ad
1256 3227 1343 3312 qnod

204 3337 343 3422 primum
367 3357 485 3402 uenere
506 3339 648 3404 Hebraei
671 3340 769 3404 rubro
791 3340 871 3403 mari
891 3339 1110 3402 transuadato.

291 3437 410 3525 segor,
431 3463 514 3526 quae
537 3447 570 3506 et
585 3443 667 3507 Bala
694 3447 728 3508 et
750 3442 869 3521 Zoara,
903 3463 968 3506 una
997 3443 1036 3506 de
1064 3441 1207 3526 quinque
1230 3439 1343 3504 ciuita-

205 3547 293 3610 tibus
314 3543 538 3624 Sodomorum,
562 3547 602 3611 ad
624 3567 735 3632 preees
757 3545 821 3611 Lot
843 3547 881 3612 da
903 3547 1053 3612 incendio
1070 3549 1245 3623 reseruata,
1261 3564 1344 3628 quae

160 3679 192 3729 30
205 3672 305 3736 usque
338 3673 427 3716 nuno
456 3653 644 3717 ostenditur.
699 3651 848 3716 meminit
881 3652 976 3716 huius
1011 3650 1110 3716 lsaias
1150 3651 1185 3715 in
1219 3651 1343 3716 uisioue

204 3759 318 3822 eontra
339 3753 444 3821 Moab.
489 3756 528 3821 da
552 3758 671 3840 quaet
693 3775 792 3840 supra
814 3755 961 3820 diximus.

291 3859 422 3938 Sceuae,
436 3861 470 3926 id
481 3865 530 3926 est
540 3860 757 3944 tabernacula,
781 3861 871 3924 loeus
889 3861 924 3924 iu
933 3881 997 3942 quo
1011 3858 1172 3923 habitauit
1180 3857 1278 3923 Iaoob
1295 3881 1346 3924 re-

204 3962 627 4051 gressuadeMesopotamia,
640 3965 696 4049 qui
704 3965 818 4050 lingna
827 3963 977 4029 hebraica
984 3963 1165 4048 adpellatur
1175 3961 1344 4028 Sooohotb.

278 4131 289 4164 ι
311 4111 371 4166 Gen
390 4130 460 4179 10,29
475 4113 480 4178 Ι
496 4131 511 4166 2
528 4112 629 4182 Ioseph
648 4111 716 4166 arob
735 4111 747 4166 1
767 4111 935 4182 ⁶,414Ileg
954 4110 994 4166 111
1015 4127 1082 4174 κομι
1100 4112 1104 4175 Ι
1125 4115 1140 4162 a
1158 4107 1219 4164 Gen
1239 4129 1292 4175 14,2
1307 4112 1312 4177 Ι
1329 4131 1343 4178 7

207 4227 239 4250 =
259 4205 308 4258 att
324 4205 329 4268 Ι
350 4206 364 4254 8
385 4200 446 4256 Gen
463 4219 514 4266 14,5
531 4203 535 4266 Ι
559 4220 588 4254 ro
607 4201 668 4256 Gon
689 4203 762 4268 ¹⁴0⁶!
785 4219 812 4267 13
833 4199 894 4254 Gen
913 4201 987 4267 3²v⁴l
1011 4197 1103 4263 141sa
1120 4215 1189 4262 ann
1207 4199 1212 4262 Ι
1235 4216 1262 4265 ¹5
1283 4197 1345 4254 Gen

207 4298 274 4358 14‚r8
290 4295 295 4358 Ι
314 4296 341 4344 r8
360 4289 459 4361 loseph
469 4289 564 4346 arehl
584 4309 638 4356 ro,2
653 4294 658 4358 Ι
674 4309 704 4344 22
723 4290 784 4346 Gan
805 4295 858 4356 ιδῃ
874 4293 878 4354 Ι
895 4295 925 4343 ²⁶
944 4289 1026 4358 Regl
1047 4305 1099 4355 15,7
1115 4287 1120 4352 Ι
1136 4305 1166 4354 ²7
1186 4287 1341 4358 Numronl

206 4386 235 4434 28
253 4381 314 4437 Gen
334 4399 403 4449 roae
418 4383 423 4450 Ι
440 4399 471 4448 ³0
488 4379 533 4435 Isa
551 4397 603 4448 15,5
620 4381 625 4445 Ι
641 4399 669 4447 ³¹
691 4401 723 4426 =
742 4383 778 4446 61
795 4399 825 4448 ³²
840 4380 901 4436 Gau
919 4397 989 4448 Μ
