3172 5160
773 419 814 481 83

164 580 238 646 rin
279 583 405 650 uisioac
441 589 554 652 contra
588 587 798 673 Babylonem.
851 590 1004 678 Iosephus
1034 615 1162 680 qaoque
1192 597 1226 662 in
1255 601 1359 684 primo

192 687 448 771 antiquitatum
471 691 668 757 iudaicamm
703 695 788 759 libro
821 697 1034 761 saeculariam
1056 697 1238 766 litterarum
1261 703 1362 769 histo·

194 793 280 856 rias
302 791 471 876 proterens
504 795 765 862 animaduertens
778 797 888 882 inquit
908 799 979 864 Noe
1007 805 1126 866 terram
1149 803 1361 872 dilaniatihe·

195 903 323 962 ratam
356 903 475 979 septem
495 899 578 964 alios
599 901 668 966 dies
689 901 779 968 abire
794 902 947 984 permisit
978 909 1009 968 et
1029 905 1185 972 uniuersa
1203 910 1361 977 animatia

160 1019 176 1069 ς
198 999 392 1082 bestiasque
408 1002 596 1082 patentibus
617 1005 769 1070 claustris
790 1006 936 1072 emamus
969 1008 1039 1088 ipse
1071 1029 1143 1074 cum
1175 1031 1237 1076 sua
1264 1017 1360 1095 prote

198 1123 359 1186 cyressas
379 1111 435 1182 est,
457 1105 629 1172 immolans
648 1108 715 1202 'uteo
747 1107 869 1176 hostias
898 1111 1103 1194 candensque
1137 1133 1209 1178 cum
1240 1116 1359 1184 libens.

195 1208 297 1274 hunc
331 1209 432 1273 iocum
460 1210 611 1275 Armenii
644 1211 765 1277 exitum
787 1213 840 1278 aet
861 1233 1022 1296 eyressum
1044 1225 1179 1284 uocant:
1202 1221 1360 1302 siquidem

197 1312 258 1378 ibi
280 1313 420 1378 cultores
440 1313 574 1380 ittamm
597 1316 765 1398 reqionum
788 1337 899 1382 aream
909 1319 1055 1400 primam
1070 1322 1190 1388 sedisse
1201 1330 1359 1393 testantur

199 1423 240 1482 et
264 1417 424 1500 liquorum
446 1419 604 1500 quaedam
624 1439 789 1502 superesse
818 1422 1020 1488 monimenta.
1076 1446 1172 1491 areae
1204 1427 1301 1494 huius
1329 1439 1360 1496 et

146 1546 183 1586 10
201 1521 333 1588 diluuii
354 1543 460 1589 arnam
483 1525 539 1605 qui
561 1524 718 1590 barbaras
750 1527 908 1608 scripsere
940 1527 1093 1594 nestorios
1125 1533 1356 1600 recordaretur:

202 1645 348 1708 quorum
368 1633 520 1692 estuans
541 1627 687 1694 Berosus
716 1629 902 1707 anomaeus,
937 1633 994 1712 qui
1021 1652 1120 1714 super
1151 1635 1276 1702 dianio
1307 1659 1358 1703 re-

197 1733 316 1814 ferens
336 1731 414 1798 haec
435 1733 559 1798 locatus
581 1739 628 1798 est
647 1735 790 1814 „dicitur
810 1734 906 1800 iuius
928 1738 1025 1802 nauis
1041 1738 1076 1802 in
1099 1739 1257 1806 Amnenic
1277 1763 1357 1825 pro·

196 1842 284 1918 pter
293 1842 429 1902 montem
448 1835 690 1903 Gorduencrum
702 1858 787 1920 pars
808 1839 921 1920 aliqua
938 1860 1129 1922 pennanere
1151 1851 1182 1910 et
1203 1848 1357 1927 quosdam

204 1941 351 2006 maren
373 1961 413 2006 ee
434 1961 473 2006 ea
499 1941 670 2007 auettentes
698 1945 921 2024 eircumferre:
956 1965 1017 2026 quo
1047 1953 1183 2014 utentur
1213 1953 1266 2017 uet
1286 1973 1357 2019 ma·

150 2046 296 2126 15aime
317 2045 352 2110 m
374 2046 430 2128 qui
459 2045 641 2112 lustrantur
661 2053 692 2111 et
712 2066 746 2110 se
774 2048 940 2128 capiant‘.
992 2047 1050 2114 sed
1079 2057 1110 2117 et
1138 2053 1357 2138 Hieronymus

206 2152 395 2234 aeqyptius,
425 2151 482 2232 qui
504 2151 712 2234 antiquitates
734 2151 931 2220 Phoenicum
958 2153 1096 2235 pulchro
1124 2176 1267 2225 sermone
1302 2163 1356 2227 dc-

206 2255 352 2337 scripsit,
375 2261 405 2321 et
427 2257 585 2322 Mnaseas
607 2263 637 2322 et
658 2257 752 2322 matti
788 2257 858 2322 atii.
911 2259 1069 2324 Nicotaus
1099 2281 1222 2344 quoque
1244 2265 1356 2332 dama·

207 2379 322 2424 scennis
337 2361 587 2443 innonayesimo
599 2367 690 2426 secto
714 2359 796 2426 tibro
818 2361 919 2442 refert
940 2368 1009 2440 „est
1023 2363 1058 2426 in
1078 2365 1238 2431 Ammaia
1255 2387 1355 2451 muer

208 2463 402 2548 Minyadem
422 2483 514 2530 mons
534 2465 661 2530 nemim
682 2463 799 2544 Beros,
836 2465 880 2532 ad
912 2485 1003 2548 quem
1036 2468 1154 2534 multos
1174 2471 1209 2535 in
1229 2469 1354 2538 diluuia

155 2595 194 2629 ιο
211 2569 391 2653 consensisse
415 2575 585 2636 autumant
606 2569 712 2653 itique
734 2590 802 2636 essc
823 2573 976 2654 saluatus,
997 2573 1082 2639 alios
1101 2594 1179 2640 uero
1201 2577 1235 2641 in
1259 2597 1355 2642 arcae

210 2675 302 2740 alueo
323 2680 571 2756 supernatantes
592 2675 637 2741 cet
657 2677 726 2740 eius
746 2676 898 2741 uerticem
912 2677 1110 2758 ammisse,
1135 2685 1165 2742 et
1186 2699 1285 2761 usque
1308 2683 1353 2746 ad

208 2780 325 2846 multis
348 2787 469 2846 aetates
489 2781 579 2864 tiana
604 2801 699 2847 arcae
712 2782 887 2846 monstrari
906 2783 1016 2848 solita:
1039 2801 1119 2864 quos
1148 2784 1275 2864 quidem
1296 2805 1353 2868 cqc

204 2891 287 2968 puto
310 2905 374 2950 nora
388 2886 552 2951 esseutiae
571 2885 637 2951 nisi
658 2905 711 2950 eos
739 2903 818 2967 quos
854 2885 990 2969 Moyses
1016 2885 1129 2970 haita
1156 2886 1353 2954 Iudaeorum

210 2990 246 3054 in
265 2991 336 3056 suis
351 2991 569 3056 uoluminibus
583 2991 714 3056 edidit‘.

160 3111 193 3162 ²5
297 3096 446 3164 Archath
480 3100 558 3164 urbs
586 3101 681 3184 regni
703 3097 863 3164 Nemroth
892 3101 927 3163 ia
955 3099 1133 3184 Babylone.
1168 3119 1264 3184 porro
1286 3099 1353 3164 He·

208 3199 299 3268 braei
330 3203 413 3266 hano
444 3223 512 3268 esse
541 3203 655 3269 dicunt
677 3201 929 3287 Mesopotamiae
951 3203 1116 3267 ciuitatem
1139 3223 1221 3286 quae
1243 3201 1352 3268 hodio-

209 3327 272 3390 que
293 3312 430 3371 uocetur
451 3305 575 3386 Nisibi,
598 3329 617 3372 a
639 3305 776 3372 Lucullo
798 3306 960 3391 quondam
983 3327 1117 3372 romena
1141 3307 1272 3372 consule
1294 3309 1352 3373 ab·

208 3433 326 3478 sessum
348 3415 540 3498 captamque
570 3414 604 3476 et
633 3417 708 3477 ante
742 3432 861 3497 paucos
883 3431 1026 3474 annosa
1056 3409 1189 3476 Iouiano
1212 3411 1352 3497 impera·

208 3517 279 3582 tore
302 3514 408 3582 Persis
429 3516 593 3580 traditam.

167 3653 200 3701 30
297 3619 383 3704 Agsi
407 3619 447 3684 ad
469 3617 701 3684 occidentalem
723 3619 855 3703 plagam
878 3618 982 3702 uergit
1003 3617 1156 3696 sechem,
1179 3639 1247 3683 non
1267 3618 1353 3682 mul·

208 3727 279 3788 tam
302 3723 343 3788 ab
366 3745 404 3789 es
425 3723 559 3789 distans.
604 3723 667 3788 sits
700 3726 750 3788 est
779 3727 888 3788 autom
911 3719 1025 3788 Bethel
1051 3721 1201 3786 euntibus
1224 3720 1351 3788 Aeliam

208 3831 248 3896 de
271 3829 411 3917 Neapoli
432 3832 468 3895 in
489 3831 581 3896 laeua
597 3832 689 3915 parte
712 3830 785 3895 aia'e
805 3829 993 3895 duodecimo
1008 3829 1135 3894 circiter
1150 3828 1290 3894 miliario
1308 3826 1349 3891 ab

208 3933 299 4000 Aelia
321 3939 355 3999 et
377 3955 477 4019 usque
498 3933 604 4010 hodie,
639 3955 759 4019 paruus
781 3935 858 3999 licet
881 3935 988 4011 uicus,
1013 3935 1204 4000 ostenditur.
1238 3931 1294 3997 sed
1316 3935 1350 3996 et

209 4039 343 4105 ecclesia
365 4039 532 4104 aedificate
562 4043 611 4103 est
633 4039 690 4103 ubi
713 4039 869 4104 dormiuit
890 4039 987 4104 Iacob
1011 4059 1145 4123 pergens
1167 4035 1350 4116 Mesopota-

168 4142 322 4221 35miam‚
360 4143 445 4209 unde
475 4153 508 4208 et
536 4143 599 4230 ipsi
624 4143 695 4208 loeo
718 4142 837 4208 Bsthel
869 4144 915 4226 (id
937 4147 987 4208 ost
1008 4143 1121 4208 domus
1143 4137 1209 4224 dei)
1231 4156 1348 4202 nomon

280 4354 291 4386 1
313 4335 414 4404 Ioseph
433 4336 500 4390 arch
519 4335 533 4388 I
552 4353 588 4402 3,5
607 4341 622 4388 6
638 4337 642 4402 Ι
659 4353 687 4403 ²5
709 4335 769 4392 Gen
789 4355 860 4398 roso
875 4337 879 4400 Ι
896 4354 927 4402 30
944 4333 1004 4388 Gen
1025 4335 1077 4398 ns
1093 4332 1098 4398 Ι
1114 4348 1143 4397 35
1163 4328 1224 4384 Gen
1243 4331 1314 4395 ²⁸2¹9

1077 4423 1121 4486 6*
