3218 5150
764 467 805 530 85

183 643 195 677 ¹
297 633 560 700 Asasouthamar.
599 637 634 700 in
663 636 725 702 hao
755 637 949 704 habitabant
975 636 1138 724 quondam
1179 634 1350 702 Amorruei

207 762 291 827 qnos
320 740 486 806 interfecit
508 739 807 830 chodorlagomor,
839 747 931 812 iuxta
962 745 1131 812 heremum
1156 742 1265 810 Codes.
1303 747 1352 810 est

207 847 299 913 aliud
321 848 489 914 castellum
512 849 689 934 Thamara,
720 853 816 918 unius
848 854 912 920 diei
933 853 1050 920 itinero
1074 873 1094 918 a
1115 851 1271 939 Mampsis
1294 873 1353 940 op-

207 953 287 1040 pido
308 956 511 1038 separatum,
541 955 753 1040 pergentibus
773 955 901 1024 Aeliam
924 959 962 1024 de
985 957 1152 1036 chebron,
1185 957 1242 1021 uhi
1264 977 1351 1022 nuno

183 1072 380 1120 §romanum
404 1057 600 1142 praesidium
623 1061 765 1144 positum
787 1063 845 1126 est

296 1159 389 1225 Alius
420 1161 511 1247 regio
541 1161 765 1230 Idumaeorum
794 1186 877 1250 quae
910 1183 998 1230 nuno
1027 1161 1190 1228 Gobaleue
1221 1163 1349 1244 dieitur,

207 1264 319 1329 uioiua
340 1262 456 1331 Petrae
479 1265 615 1332 ciuitati.

296 1369 418 1434 Aeuom
449 1370 601 1436 euntibus
623 1370 806 1439 Thamuam
835 1393 923 1438 nuno
945 1371 1090 1437 desertus
1111 1371 1200 1435 locus
1221 1373 1255 1436 et
1277 1391 1351 1456 pro-

208 1473 314 1538 ximus
336 1471 503 1540 Thamnus
533 1477 605 1541 uioo
632 1477 762 1562 grandi,
798 1479 854 1563 qui
878 1478 959 1542 situs
988 1479 1038 1542 est
1058 1476 1146 1540 inter
1167 1473 1295 1540 Aeliam
1317 1477 1351 1540 et

162 1609 193 1644 ιο
207 1576 399 1664 Diospolim.
429 1582 479 1644 est
505 1583 539 1645 et
563 1579 637 1646 fons
665 1581 700 1646 in
736 1583 921 1668 supradicto
955 1582 1045 1646 dena
1073 1581 1161 1646 loeo:
1199 1580 1283 1645 uude
1317 1582 1351 1644 et

208 1681 335 1760 Aeuan,
359 1680 394 1746 id
428 1684 478 1748 est
507 1704 624 1748 nomeu
647 1681 755 1765 fontis,
784 1685 925 1770 aooepit:
960 1685 993 1747 in
1025 1703 1089 1768 quo
1119 1685 1209 1748 stans
1229 1683 1350 1748 idolum

208 1785 349 1850 maxima
377 1785 466 1851 illius
496 1787 640 1872 regionis
671 1789 880 1854 ueneratione
909 1786 1036 1852 oolitur.
1080 1806 1177 1873 porro
1206 1785 1350 1851 Hebraei

207 1888 504 1956 adfirmautheuan
526 1913 593 1957 uou
616 1893 722 1958 locum
738 1892 932 1978 siguificare,
955 1891 1011 1956 sed
1025 1890 1160 1972 binium,
1182 1891 1239 1956 ubi
1261 1893 1349 1956 oerto

208 1997 332 2062 intuitu
353 1999 568 2064 necessarium
592 2001 635 2065 sit
655 2000 695 2065 ad
719 2022 817 2064 unam
840 2023 857 2066 e
881 2000 1006 2066 duabus
1028 1999 1091 2064 uiis
1113 1999 1304 2084 eligendam.

161 2131 191 2180 ις
295 2102 383 2168 Area
404 2103 506 2168 Atath
537 2103 627 2168 loeus
656 2111 745 2169 trans
774 2103 961 2181 Iordanem,
995 2103 1031 2167 iu
1053 2123 1118 2186 qoo
1153 2102 1349 2187 planxerunt

207 2206 306 2271 Iaooh
327 2207 500 2292 quondam,
523 2209 622 2280 tertio
643 2209 685 2273 ah
707 2207 832 2273 Ierioho
854 2207 972 2294 lapido,
1005 2206 1131 2272 duobus
1153 2205 1283 2270 milibus
1305 2205 1346 2270 ab

206 2313 352 2381 Iordane.
374 2316 431 2399 qui
454 2338 540 2381 nuno
564 2318 698 2382 uocatur
710 2314 880 2402 Bethagla,
904 2315 990 2401 quod
1006 2315 1239 2400 iuterpretatur
1259 2313 1348 2378 looue

206 2419 287 2504 gyri,
304 2440 342 2485 eo
369 2420 524 2504 quodibi
556 2441 644 2486 more
679 2420 904 2506 plangentium
927 2419 1157 2486 circumierunt
1177 2418 1212 2483 iu
1233 2417 1346 2484 funere

206 2523 314 2588 Iaoob.

158 2661 192 2696 ιο
682 2626 733 2693 De
754 2627 877 2693 Exodo.

291 2735 396 2800 Aelim
410 2737 517 2800 eastra
539 2734 680 2800 filiorum
695 2733 820 2800 Israhel
842 2737 876 2799 et
897 2733 987 2798 loeus
1008 2734 1044 2800 iu
1066 2733 1204 2812 deserto,
1226 2733 1260 2798 iu
1282 2756 1347 2819 quo

204 2839 373 2905 duodeeim
393 2838 498 2904 loutes
519 2844 553 2905 et
574 2840 783 2926 septuaginta
803 2838 986 2924 palmarum
1009 2838 1141 2904 arborea
1157 2835 1285 2922 Moyses
1307 2838 1346 2904 de

205 2948 287 3010 mari
308 2945 408 3010 rubro
431 2943 539 3009 exieus
560 2943 714 3031 repperit.

486 3045 535 3114 De
557 3045 710 3113 Numeris
732 3049 765 3112 et
787 3045 1051 3112 Deuteronomio.

161 3174 190 3224 ²5
293 3152 393 3219 Aelus
416 3153 452 3217 iu
474 3153 600 3218 deserto
624 3152 682 3218 ubi
705 3151 765 3216 filii
784 3149 909 3216 Israhel
932 3153 1037 3216 eastra
1057 3149 1170 3214 metati
1193 3151 1278 3212 aunt.

292 3259 435 3328 Aseroth
461 3283 534 3348 para
556 3261 689 3341 heremi,
711 3260 768 3326 ubi
790 3259 894 3324 Maria
916 3259 1072 3324 etheron
1088 3255 1346 3340 eontraMoysen

204 3365 306 3432 loouti
327 3367 412 3432 sunt.
458 3365 693 3431 habitaueruut
715 3367 824 3429 autem
845 3362 1008 3449 quondam
1023 3361 1124 3428 anei
1151 3361 1186 3426 in
1206 3359 1345 3426 Aeeroth

205 3491 305 3555 nsque
328 3470 368 3536 ad
389 3469 502 3535 urbem
524 3468 654 3534 Gazam.
687 3490 800 3534 uerum
822 3468 900 3534 haec
928 3468 999 3534 looe
1031 3487 1098 3532 non
1126 3464 1268 3532 Aseroth
1290 3463 1345 3528 sed

205 3575 330 3641 Aserim
352 3574 509 3662 adpellari
530 3573 672 3640 Hebraei
694 3576 822 3660 putant.

158 3695 190 3744 30
288 3683 451 3748 haemona
472 3684 577 3747 eastra
598 3681 739 3747 liliorum
761 3679 884 3746 Israhel
905 3679 941 3744 in
962 3679 1097 3744 deserto.

291 3785 494 3871 Ahetharim,
516 3808 576 3872 pro
599 3807 664 3871 quo
685 3785 807 3870 Aquila
829 3788 862 3850 et
880 3781 1091 3869 Symmachus
1104 3780 1344 3865 exploratorum

207 3893 295 3957 uiam
317 3891 524 3978 interpretati
546 3893 633 3970 sunt,
657 3889 715 3956 ubi
736 3889 907 3956 aduersum
939 3887 1185 3968 chananaeum,
1216 3883 1274 3968 qui
1302 3883 1345 3947 ah

202 3999 313 4063 austro
333 3999 448 4064 eontra
469 3995 595 4063 Israhel
617 3999 779 4082 eruperat,
801 3996 836 4060 iu
858 3993 1032 4060 solitudine
1045 3991 1228 4058 dimicatur.

275 4209 369 4266 rGou
389 4211 463 4278 14‚7l
485 4209 595 4266 tNum
613 4207 740 4281 amit
768 4209 830 4266 Gen
848 4208 939 4277 38,r4l
962 4223 989 4275 ις
1019 4203 1081 4260 Gen
1099 4201 1190 4271 sorel
1212 4218 1240 4253 ιι
1261 4197 1339 4254 axos

202 4303 292 4372 rm!
314 4317 342 4370 ις
367 4299 445 4356 Num
463 4301 555 4371 332¹³l
577 4303 608 4354 26
632 4299 709 4356 Num
729 4299 819 4368 ¹¹r35l
847 4302 878 4353 26
903 4297 979 4352 Num
999 4295 1072 4360 nal
1098 4309 1128 4359 ²7
1153 4289 1193 4345 Di
1211 4288 1286 4356 ²2²3!
1308 4305 1339 4356 30

203 4391 279 4449 Num
298 4391 389 4464 mol
405 4409 434 4460 3¹
454 4389 531 4447 Num
549 4409 602 4457 ιω
