3218 5150
825 434 887 500 126

297 603 373 669 talis
406 607 440 670 et
471 603 685 690 fugitiuorum
718 605 754 669 in
787 606 917 690 regione
938 605 1133 672 Basanitide.
1196 606 1252 672 sed
1284 610 1319 672 et
1351 629 1461 675 nunes

297 707 423 774 Gaulon
446 711 582 774 uocatur
603 708 683 772 uilla
715 709 908 794 pergrandis
941 712 976 776 in
998 709 1180 788 Batauam,
1209 731 1248 776 ex
1269 712 1360 776 cuius
1382 731 1440 776 no-

298 814 384 878 mine
408 817 441 879 et
463 815 554 898 regio
584 814 701 878 sortita
722 815 917 879 uocabulum
937 817 996 880 est.

384 916 487 982 Gebal
516 939 609 982 mons
640 919 675 982 in
698 920 786 982 terra
808 919 1084 1004 repromissionis,
1117 917 1174 982 ubi
1197 917 1236 983 ad
1268 918 1439 1004 imperium

297 1018 403 1106 Moysi
426 1021 527 1086 altare
547 1024 768 1086 constructum
789 1024 848 1087 eet.
879 1025 956 1087 sunt
983 1025 1092 1087 autem
1114 1022 1205 1086 iuxta
1226 1022 1352 1088 Iericho
1375 1022 1461 1099 duos

297 1121 430 1191 montes
446 1126 548 1190 uicini
571 1127 684 1190 contra
706 1147 740 1191 se
761 1126 902 1192 inuicem
925 1128 1152 1212 respicientes,
1177 1149 1194 1191 e
1216 1126 1334 1210 quibus
1355 1148 1438 1191 unus

296 1229 456 1308 Gerizim,
489 1231 571 1295 alter
602 1227 704 1294 Gebal
733 1229 860 1294 dieitur.
892 1252 989 1316 porro
1012 1229 1208 1296 Samaritani
1239 1229 1440 1295 arbitrantur

296 1334 355 1400 hoa
376 1334 457 1399 duos
479 1337 606 1400 montes
627 1335 720 1398 iuxta
741 1333 914 1420 Neapolim
928 1355 1006 1414 esse,
1022 1335 1078 1400 sed
1093 1333 1299 1400 uehementer
1312 1336 1437 1400 errant:

297 1439 471 1523 plurimum
493 1438 579 1503 enim
601 1439 687 1503 inter
710 1461 743 1503 se
773 1440 897 1504 distent
919 1460 977 1504 neo
1007 1442 1143 1524 possunt
1175 1439 1314 1504 inuicem
1342 1439 1439 1504 bene·

297 1543 472 1609 dicentium
506 1544 574 1608 siue
606 1543 866 1609 maledicentium
895 1543 982 1608 inter
1010 1565 1043 1608 se
1071 1544 1175 1609 audiri
1208 1565 1322 1622 uoces,
1352 1542 1437 1628 qnod
1454 1575 1484 1610 10

299 1648 460 1733 scriptura
482 1649 713 1712 conmemorat.

384 1751 525 1816 Gerizim
547 1771 639 1816 mone
672 1771 770 1837 super
796 1771 891 1834 quem
922 1752 1082 1816 steterunt
1114 1749 1151 1815 bi
1183 1752 1239 1836 qui
1270 1752 1439 1818 maledicta

297 1858 495 1922 resonabant
515 1857 606 1920 iuxta
627 1877 726 1941 supra
747 1855 868 1920 dictum
891 1857 1035 1920 montem
1056 1853 1168 1919 Gebal.

215 1957 217 1960 ’
386 1961 518 2046 Golgoi,
542 1983 625 2046 quae
648 1965 682 2026 et
703 1959 836 2046 Golgoi,
858 1961 951 2024 iuxta
981 1982 1077 2045 quem
1108 1962 1235 2026 montes
1267 1981 1334 2025 esse
1362 1961 1439 2025 scri-

297 2065 420 2132 buntur
441 2065 582 2132 Gerizim
605 2073 638 2132 et
659 2064 774 2131 Gebal.
824 2063 940 2150 Galgal
972 2067 1081 2130 autem
1117 2064 1208 2130 locus
1253 2067 1302 2130 cst
1348 2065 1437 2129 iuxta
1455 2095 1481 2143 ις

296 2146 433 2236 Ierichd.
489 2173 599 2235 errant
634 2170 737 2255 igitur
777 2167 997 2247 Samaritani,
1042 2168 1098 2252 qui
1138 2167 1229 2233 iuxta
1266 2165 1437 2254 Neapolim

298 2272 441 2339 Gerizim
463 2277 496 2338 et
519 2273 623 2340 Gabai
652 2277 779 2340 montes
794 2272 963 2338 ostendere
986 2273 1121 2352 uolunt,
1150 2293 1222 2337 curn
1253 2273 1327 2339 illos
1349 2273 1439 2336 iuxta

297 2377 415 2464 Galgul
444 2399 511 2443 esse
541 2379 703 2462 scriptura
722 2379 869 2443 testetur.

385 2482 446 2548 Gai
480 2483 515 2548 in
546 2482 655 2562 Moab,
685 2483 770 2567 quod
802 2483 1039 2567 interpretetur
1075 2480 1170 2546 uallis
1202 2479 1315 2559 Moab,
1349 2481 1440 2546 iuxta

299 2583 414 2670 Fogon
436 2586 495 2651 ubi
515 2586 660 2672 sepultus
683 2589 733 2652 est
754 2583 894 2669 Moyses.
1452 2609 1484 2644 ιο

744 2690 793 2755 De
815 2689 900 2755 libro
922 2687 1006 2754 Iesu.

385 2793 530 2879 Galgala.
586 2793 665 2860 hacc
694 2795 743 2859 est
773 2815 870 2878 quem
907 2813 1005 2879 supra
1038 2791 1202 2878 posuimus
1234 2789 1367 2876 Golgol‚
1397 2789 1438 2856 ad

298 2899 491 2967 orientalem
513 2899 644 2985 plagam
666 2898 820 2982 antiquae
840 2897 986 2963 Ierichus
1002 2897 1047 2962 cis
1069 2896 1251 2974 Iordanem,
1270 2896 1327 2961 ubi
1349 2895 1437 2961 Iesus

297 3005 437 3072 secundo
460 3003 616 3089 populum
647 3002 849 3068 circumcidit
881 3004 915 3066 et
936 3001 1054 3086 paseha
1086 3001 1264 3066 celebrauit
1292 3021 1329 3066 ac
1361 2999 1437 3066 defi·

297 3109 402 3174 ciente
424 3127 544 3172 manna
562 3107 700 3172 triticeis
722 3107 861 3193 panibus
877 3127 952 3170 usus
974 3108 1024 3170 est
1038 3104 1170 3170 Israhel.
1215 3104 1249 3169 in
1272 3104 1344 3190 ipso
1365 3104 1437 3170 loco
1453 3134 1482 3184 ες

298 3233 427 3298 quoque
449 3212 587 3299 lapidee,
619 3233 700 3296 quor
721 3213 760 3277 de
782 3212 875 3276 alueo
896 3210 1042 3276 Iordanis
1065 3211 1219 3288 tulerunt,
1244 3209 1438 3274 statuerunt.

296 3317 345 3382 ibi
378 3319 412 3380 et
441 3317 688 3382 tabernaculum
716 3317 894 3382 testimonii
925 3316 1024 3380 fixum
1057 3315 1161 3380 multo
1188 3316 1334 3398 tempore
1365 3311 1438 3376 fuit.

298 3419 413 3485 cecidit
435 3424 542 3486 autem
564 3421 598 3485 in
621 3435 741 3486 sortem
777 3422 881 3486 tribus
901 3419 1008 3486 Iudae.
1059 3423 1093 3486 et
1127 3419 1308 3485 ostenditur
1337 3438 1439 3502 usque

298 3522 395 3588 hodie
417 3524 507 3590 locus
527 3524 672 3591 desertus
701 3527 736 3591 in
766 3525 906 3591 secundo
928 3523 1074 3590 Ierichus
1095 3524 1253 3601 miliario,
1287 3521 1328 3587 ab
1350 3521 1438 3586 illius

298 3629 442 3715 regionis
464 3629 656 3695 mortalibus
678 3632 762 3696 miro
784 3631 874 3695 cultu
907 3629 1048 3696 habitus.
1071 3630 1127 3696 sed
1152 3633 1186 3696 et
1207 3629 1298 3693 iuxta
1322 3624 1437 3694 Bethel
1453 3659 1484 3708 ³0

298 3733 429 3818 qnidam
452 3733 622 3818 Galgalem
644 3737 741 3800 aliam
764 3737 978 3821 suspicantur.

386 3835 447 3902 Gai
469 3839 560 3904 iuxta
583 3839 732 3905 Betheun
753 3843 787 3905 et
809 3839 943 3918 Becher,
975 3859 1072 3924 quam
1106 3837 1307 3922 expugnauit
1339 3835 1437 3914 lesus,

299 3963 376 4028 rege
399 3943 486 4008 illius
508 3943 690 4024 interfecto,
714 3947 747 4009 et
770 3944 934 4010 habitauit
955 3944 992 4008 in
1013 3943 1070 4007 illa
1093 3942 1256 4027 quondam
1278 3939 1439 4007 eitranr·

297 4047 413 4114 danem
435 4049 640 4114 Amorraeus.
686 4069 771 4114 nnnc
793 4049 936 4114 desertus
958 4049 1086 4112 tantum
1108 4047 1290 4113 ostenditur
1311 4047 1408 4113 locus.

369 4281 386 4328 4
404 4261 520 4330 Dtrr‚29
536 4262 540 4328 Ι
559 4261 713 4331 ertrr,29
728 4265 733 4332 Ι
750 4283 845 4332 r3=4
860 4265 865 4332 Ι
882 4282 912 4330 ¹4
930 4264 1067 4344 Dtrr,3ol
1084 4282 1113 4332 ¹9
1131 4264 1230 4332 Drap
1245 4265 1250 4332 1
1266 4283 1298 4319 rr
1314 4261 1435 4334 Iosprol

299 4367 369 4402 aa:
381 4367 411 4416 ¹4
426 4350 430 4416 Ι
447 4369 477 4417 ²7
497 4350 581 4421 Begl
599 4355 654 4417 7,16
670 4353 674 4420 Ι
691 4356 720 4406 28
739 4352 915 4420 1⁰015‚7i30
934 4353 1065 4419 Amorem
1083 4357 1087 4424 Ι
1103 4374 1133 4421 3²
1152 4353 1245 4422 Ioc7‚r
1261 4355 1265 4422 Ι
1282 4371 1313 4423 3²
1330 4353 1438 4422 leorae
