3186 5150
272 1318 462 1404 Hieronymi
488 1317 527 1382 de
549 1316 615 1382 situ
638 1317 672 1380 et
694 1317 881 1383 nominibus
903 1318 1048 1384 locorum
1071 1316 1297 1384 hebraicorum
1319 1317 1434 1389 libens

360 1487 538 1572 Eusebius,
558 1487 615 1572 qui
636 1508 656 1551 a
682 1486 778 1553 beato
802 1486 973 1574 Pamphilo
996 1492 1138 1575 martyre
1160 1493 1413 1575 cognomentum

268 1594 404 1660 tortitus
426 1597 494 1672 est,
517 1594 592 1679 post
613 1591 721 1656 decem
743 1591 978 1660 ecclesiasticae
1008 1593 1162 1660 historiae
1192 1595 1308 1672 libros,
1338 1597 1414 1679 post

268 1720 453 1784 semporum
475 1717 624 1774 canones,
647 1717 728 1780 quos
749 1717 810 1762 noe
831 1696 935 1762 latina
955 1697 1070 1784 lingua
1092 1698 1256 1774 edidimus,
1280 1699 1437 1784 postdi-;
1564 1740 1568 1757 .

267 1824 437 1870 uersurum
470 1800 629 1866 uocabula
657 1799 845 1878 nationum,
868 1823 951 1886 qnae
983 1823 1047 1886 quo
1085 1803 1181 1868 modo
1216 1801 1293 1867 olim
1325 1802 1412 1888 apnd

267 1905 435 1973 Hebraeos
456 1906 543 1971 diota
565 1905 632 1970 siut
653 1906 687 1970 et
709 1925 796 1970 nunc
829 1905 979 1970 dicantur
1008 1907 1180 1991 exposuit,
1208 1909 1281 1991 post
1317 1908 1413 1991 topo-

267 2010 440 2098 graphiam
460 2011 565 2076 terrae
586 2007 719 2074 iudaeae
743 2011 776 2074 et
798 2008 968 2076 distinctas
990 2009 1137 2074 tribuum
1158 2011 1276 2090 sortes,
1308 2009 1411 2095 ipsine

269 2140 397 2204 quoque
420 2117 593 2184 Ierusalem
627 2115 806 2201 templique
835 2117 869 2182 in
902 2138 940 2182 ea
962 2138 1035 2182 eum
1066 2115 1255 2184 breuissima
1283 2116 1411 2203 exposi-

266 2223 359 2288 tione
382 2221 552 2307 picturam,
576 2219 617 2285 ad
641 2222 822 2284 extremum
843 2221 879 2284 in
900 2220 963 2286 hoc
996 2221 1150 2307 opusculo
1181 2221 1342 2286 laborauit
1372 2223 1412 2285 ut
1429 2253 1458 2287 ιο

267 2327 481 2411 congregaret
503 2324 597 2389 nobis
618 2324 658 2389 de
681 2325 793 2388 saneta
815 2325 977 2410 scriptura
996 2325 1140 2390 omnium
1154 2347 1255 2411 paene
1269 2325 1410 2402 urbium,

268 2431 438 2508 montium,
462 2429 642 2507 fluminum,
674 2427 854 2494 uiculorum
883 2432 917 2495 et
946 2430 1148 2497 diuersorum
1177 2431 1322 2497 locorum
1353 2451 1412 2496 uo·

265 2536 391 2614 cabula,
414 2556 496 2620 quae
519 2534 572 2600 uel
600 2533 710 2599 cadem
739 2538 873 2600 manent
904 2535 957 2600 uel
986 2536 1157 2602 immutata
1191 2538 1270 2602 eunt
1296 2538 1411 2621 postea

267 2641 321 2706 nel
342 2661 381 2704 ex
402 2639 512 2723 aliqua
534 2641 627 2723 parte
650 2641 818 2724 conrupta.
864 2640 949 2706 unde
972 2642 1006 2704 et
1027 2661 1105 2722 nos,
1128 2640 1325 2706 admirabilis
1347 2642 1410 2706 uiri

267 2745 440 2830 sequentes
460 2741 613 2820 studium,
635 2741 811 2808 secundnm
833 2743 979 2810 ordinem
1005 2743 1188 2810 litterarum
1222 2747 1258 2809 ni
1277 2747 1354 2809 sunt
1373 2746 1455 2826 iu15

265 2869 384 2934 graeco
400 2848 524 2933 posits,
549 2846 791 2929 transtulimus,
814 2847 1034 2932 relinquentes
1057 2870 1094 2914 ea
1116 2870 1199 2934 quae
1226 2847 1322 2935 digna
1344 2871 1412 2915 me·

268 2952 372 3019 moria
392 2973 461 3017 non
482 2950 651 3030 uidentur,
674 2953 708 3016 et
729 2951 885 3036 pleraque
918 2953 1091 3019 mutantes.
1136 2952 1234 3019 semel
1263 2955 1412 3020 enimet

269 3161 321 3228 uel
343 3162 418 3227 noui
450 3159 557 3246 operis
586 3160 802 3238 conditorem,
839 3163 978 3227 maxime
1009 3181 1082 3228 cnm
1114 3162 1245 3247 quidam
1280 3163 1335 3228 uix
1373 3165 1410 3229 in

266 3267 380 3352 primis
411 3265 547 3330 inbutus
570 3264 690 3330 litteris
713 3264 801 3332 hunc
822 3267 958 3332 eundem
980 3266 1102 3332 librum
1121 3287 1217 3332 ansus
1239 3267 1339 3332 sitin
1361 3268 1409 3332 la·

267 3374 371 3438 tinam
395 3371 541 3456 linguam
563 3393 630 3436 non
655 3371 756 3437 latine
778 3375 924 3438 uertere:
947 3375 1039 3439 cuius
1061 3367 1245 3462 inperitiam
1268 3395 1308 3440 ex
1330 3395 1408 3440 con·

268 3059 304 3122 in
326 3059 508 3142 temporum
540 3053 625 3121 libro
648 3054 814 3140 praefatus
836 3079 907 3122 snm
948 3079 999 3124 me
1031 3058 1085 3124 uel
1105 3059 1318 3141 interpretem
1340 3079 1411 3126 esse
1560 3020 1565 3079 Ι

1423 3301 1455 3335 20
1558 3088 1564 3449 r

266 3476 436 3563 paratione
457 3495 567 3540 eorum
589 3496 671 3559 quse
694 3476 920 3543 transtulimus
943 3477 1084 3563 prudens
1108 3478 1220 3543 statim
1241 3478 1344 3544 lector
1355 3479 1407 3543 in·

266 3579 386 3646 ueniet.
430 3585 469 3642 ut
490 3578 575 3643 enim
599 3579 680 3643 mihi
704 3580 829 3645 excelsa
850 3602 916 3646 non
938 3581 1077 3659 uindico,
1100 3582 1148 3645 ita
1168 3585 1274 3648 terrac
1292 3581 1408 3647 cohae-

265 3685 372 3750 rentia
393 3680 581 3768 supergredi
604 3705 697 3769 posse
719 3707 770 3750 me
791 3685 896 3752 credo.

350 3973 471 4038 Ararat
491 3974 659 4040 Armenia.
692 3873 1094 4062 siqdldeireldslmontbm
1112 3977 1233 4043 Ararat
1246 3997 1321 4042 arca
1332 3981 1407 4062 post

264 4076 423 4142 diluuium
445 4079 564 4144 sedisse
587 4079 779 4165 perhibetur
795 4087 829 4150 et
850 4084 1003 4151 dicuntur
1033 4083 1154 4149 ibidem
1182 4103 1283 4167 usqne
1311 4081 1406 4146 hodie

263 4201 392 4247 manere
433 4185 582 4268 uestigia.
638 4187 787 4252 meminit
827 4188 944 4255 horum
984 4188 1143 4254 montium
1186 4189 1219 4252 et
1254 4183 1406 4250 Ieremias

332 4379 361 4424 ²7
381 4360 442 4416 Gen
462 4367 502 4428 8‚4
517 4364 522 4431 Ι
539 4381 569 4432 2⁹
590 4363 634 4420 ler
653 4384 722 4436 5¹·27

1419 3827 1447 3877 ²5
