3218 5150
784 355 826 418 86

335 525 420 592 Ahie
448 549 531 611 quae
562 530 596 590 et
618 525 784 610 Aehalgai.
832 547 891 610 pro
915 525 976 588 hae
999 523 1213 608 Symmachus
1234 525 1426 610 interme-1

249 629 338 692 tatur
359 629 394 694 in
417 630 558 696 collibus.
590 613 653 694 ¹est
675 633 783 693 autem
814 630 984 712 eregione
1004 628 1166 711 quondam
1187 627 1294 708 Moab,
1310 652 1400 694 nune

250 731 458 818 Areopoleos,
481 735 520 800 ad
544 734 735 801 orientalem
756 734 896 819 plagam.

336 838 453 904 Arnon
487 861 585 924 rupes
619 839 777 922 quaedam
805 839 840 902 in
871 837 1007 902 sublime
1041 840 1189 922 porrecta
1218 839 1398 904 infinibus

252 940 502 1008 Amorraeorum
524 944 610 1007 inter
622 941 719 1006 Moab
742 944 776 1006 et
790 940 996 1007 Amorraeos.
1042 938 1140 1005 Moab
1162 964 1240 1007 uero
1255 943 1421 1026 Arabiae5

251 1045 368 1112 ciuitas
389 1051 440 1112 est
461 1040 543 1131 (puae
566 1066 652 1111 nune
673 1044 840 1131 Areopolis
868 1044 1058 1130 adpellatur.
1087 1045 1264 1110 ostendunt
1290 1048 1398 1132 regio·

253 1149 302 1212 nie
331 1149 418 1214 illius
448 1150 577 1215 adcolae
608 1149 714 1213 loeum
747 1149 841 1213 uallis
870 1149 905 1213 in
936 1153 1112 1235 praerupta
1133 1150 1297 1217 demersae
1318 1153 1395 1216 sabe

251 1251 442 1319 horribilem
463 1257 496 1320 et
526 1251 740 1340 periculosum
774 1254 830 1338 qui
858 1275 878 1318 a
916 1254 1078 1338 plerisque
1101 1275 1202 1337 usque
1224 1276 1310 1321 nuno
1331 1255 1396 1320 Ar·

252 1377 355 1422 nonas
378 1357 558 1443 adpellatur
577 1357 824 1442 extenditurque
845 1356 886 1422 ad
910 1357 1174 1442 septemtrionem
1187 1358 1393 1443 Areopoleos.

250 1463 371 1545 inquo
393 1464 427 1528 et
449 1461 589 1526 militum
611 1462 755 1526 exomni
778 1465 869 1546 parte
886 1461 1045 1546 praesidia
1064 1461 1240 1526 distributa
1263 1463 1394 1547 plenum
1410 1497 1445 1530 ιο

252 1565 418 1648 sanguinis
447 1570 481 1630 et
507 1565 688 1630 formidinis
719 1567 881 1630 testantur
912 1564 1104 1648 ingressum.
1149 1564 1203 1630 hio
1232 1566 1394 1649 quondam

252 1667 471 1734 Moabitarum
492 1669 556 1735 fuit
578 1674 612 1734 et
629 1672 742 1755 postea
760 1667 844 1734 Seon
868 1689 923 1732 rex
942 1667 1193 1742 amorraeorum
1219 1670 1288 1735 iure
1316 1670 1395 1736 belli

253 1795 326 1838 eum
349 1775 503 1858 optinuit.
527 1774 582 1840 sed
616 1778 649 1838 et
677 1777 765 1839 terra
795 1773 937 1838 filiorum
959 1771 1085 1837 Israhel
1110 1775 1202 1838 trans
1224 1774 1395 1840 Iordanem

254 1878 413 1963 incipiens
436 1879 478 1942 ab
501 1878 635 1944 Arnoue
664 1897 766 1961 usque
794 1876 835 1940 ad
864 1879 992 1942 montes
1014 1875 1157 1944 Aermon
1179 1881 1213 1942 et
1234 1877 1394 1944 Libanum

255 1982 448 2047 extenditur.
1409 2025 1441 2073 15

344 2085 391 2150 Ar
413 2085 503 2151 loeus
522 2085 572 2150 uel
597 2085 749 2170 oppidum
772 2085 928 2163 Aneonis,
964 2085 1050 2170 quod
1079 2107 1099 2150 a
1119 2087 1325 2174 septuaginta
1345 2089 1395 2154 in-

254 2189 453 2274 terpretibus
475 2211 532 2275 per
555 2191 722 2255 extensam
742 2189 886 2256 uooalem
908 2187 955 2254 Er
976 2190 1103 2256 dieitur.

342 2294 490 2358 Aesimon
513 2293 601 2358 loeus
623 2294 750 2360 deserti.
781 2294 919 2378 deniqne
942 2297 976 2358 et
996 2295 1105 2380 ipsum
1127 2293 1321 2361 uooabulum
1345 2295 1395 2361 in·

254 2401 374 2463 nultum
397 2401 515 2463 terram
538 2396 760 2482 desertamque
783 2397 956 2482 siguificat.

339 2503 532 2568 Abelsattim
554 2503 644 2567 loeus
665 2503 701 2567 in
722 2503 849 2568 deserto
872 2503 914 2568 ad
936 2501 1101 2568 meridiem
1122 2500 1350 2568 Moabitarum.
1409 2528 1444 2562 20

342 2606 427 2671 Azor
448 2607 515 2672 siue
537 2605 627 2671 Iaasr
650 2606 807 2671 terminus
830 2607 918 2671 urhis
938 2606 1098 2686 Ammon,
1127 2627 1209 2692 quae
1232 2628 1319 2673 nune
1340 2605 1396 2672 Fi·

256 2711 385 2776 ladelfia
413 2711 546 2790 dieitur,
585 2711 733 2777 diuidens
776 2732 848 2776 eam
877 2711 1191 2797 Amorraeorumque
1221 2713 1393 2797 regionem.

256 2822 290 2884 et
312 2820 412 2884 estin
435 2821 552 2884 octauo
575 2820 704 2884 circiter
726 2820 833 2904 lapide
865 2820 995 2886 eiusad
1029 2819 1107 2886 solis
1137 2842 1285 2886 oceasum
1307 2821 1396 2888 uicus

255 2923 343 2989 lazar
366 2944 467 3008 usque
490 2924 525 2987 in
540 2925 741 3009 praesentem
762 2924 847 2990 diem
868 2946 1069 3009 permaneua

343 3029 448 3095 Aroer
470 3028 625 3115 oppidum
648 3026 875 3108 Moabitarum,
899 3029 984 3114 quod
1006 3029 1105 3094 eitum
1122 3028 1394 3114 estsupsrripam
1411 3055 1439 3103 25

256 3135 410 3199 torrentis
432 3137 554 3213 Arnon,
578 3155 757 3219 possessum
782 3135 859 3200 olim
882 3158 902 3198 a
933 3137 1031 3219 gente
1055 3133 1230 3198 ueterrima
1255 3131 1395 3198 Ommim

256 3241 289 3302 et
310 3242 424 3322 postea
447 3241 609 3304 retentum
632 3259 651 3303 a
673 3239 749 3304 filiis
761 3237 832 3318 hot,
856 3239 889 3304 id
908 3236 1162 3315 estaMoabitie,
1187 3259 1259 3303 eum
1273 3239 1396 3323 priores

257 3340 384 3406 adcolae
407 3341 651 3408 subuertiseent.
697 3346 731 3408 et
753 3343 933 3412 ostenditur
965 3363 1066 3428 usque
1087 3342 1183 3408 hodie
1210 3344 1246 3407 in
1276 3343 1396 3409 uertice

257 3449 379 3514 montis
402 3448 498 3512 illius.
543 3449 598 3515 sed
620 3452 653 3514 et
676 3453 802 3515 torrens
823 3451 1034 3537 perabrnpte
1048 3449 1290 3516 descendensin
1309 3471 1396 3516 mare

258 3555 423 3617 mortuum
446 3550 528 3616 fluit.
574 3552 692 3618 eeeidit
712 3556 820 3620 autem
844 3553 949 3624 Aroer
980 3555 1016 3624 in
1047 3559 1166 3620 sortem
1199 3554 1304 3618 tribus
1326 3553 1397 3619 Gad
1410 3583 1442 3632 30

258 3659 370 3722 eontra
392 3655 506 3720 faeiem
528 3655 652 3721 Rabba.
919 3645 921 3650 ’

344 3759 501 3826 Astaroth
523 3760 658 3844 antiqua
679 3763 796 3826 ciuitas
818 3761 869 3848 Og
892 3763 979 3848 regie
1001 3760 1118 3839 Besae,
1152 3761 1185 3825 in
1209 3783 1273 3846 qua
1305 3761 1399 3827 habi·

258 3867 413 3931 tauerunt
436 3863 602 3948 gigantes,
624 3885 706 3948 quae
730 3871 843 3950 poetes
864 3867 979 3933 cecidit
1001 3867 1036 3931 in
1054 3868 1174 3931 sortem
1197 3866 1302 3931 trihus
1329 3864 1399 3930 Ma·

259 3992 375 4036 nasse:
414 3967 555 4054 regionis
585 3967 785 4048 Batanaeae,
820 3973 853 4036 et
882 3993 938 4036 sex
970 3970 1101 4035 milibus
1130 3969 1171 4034 ab
1203 3970 1288 4035 Adra
1318 3970 1398 4035 urbe

332 4139 344 4172 ι
364 4119 440 4174 Num
458 4138 527 4183 rrrrr
545 4121 581 4184 14
600 4117 754 4185 Numam
771 4120 776 4186 Ι
795 4137 824 4172 12
842 4117 998 4184 Numam
1014 4117 1019 4186 Ι
1037 4123 1065 4172 1⁶
1084 4119 1234 4186 Numanus
1252 4119 1257 4188 Ι
1274 4123 1302 4171 18
1321 4116 1396 4172 Num

260 4227 330 4272 προ
345 4210 350 4274 Ι
366 4227 397 4262 20
415 4209 491 4263 Num
510 4208 600 4276 33491
616 4226 645 4261 ²1
664 4205 740 4261 Num
760 4209 852 4276 ²¹r²tl
873 4227 903 4276 ²⁵
925 4207 1001 4263 Num
1021 4209 1112 4276 nat!
1134 4213 1165 4263 ιθ
1183 4208 1223 4264 Dt
1240 4225 1279 4277 ιθ
1295 4203 1345 4280 ιοΙ
1366 4225 1398 4275 30

259 4298 303 4352 loe
324 4315 389 4365 ¹32²5
407 4299 412 4365 1
428 4316 459 4364 3²
476 4297 516 4352 Dt
535 4316 573 4364 r,4
589 4299 593 4366 Ι
610 4315 639 4364 33
659 4296 704 4352 Ios
724 4316 779 4364 ¹²14
794 4299 799 4367 Ι
815 4316 844 4366 33
864 4297 909 4354 Ios
929 4317 998 4365 ¹32¹²
1013 4299 1019 4371 Ι
1034 4317 1066 4367 34
1083 4297 1159 4354 Num
1178 4316 1247 4365 πως
