3218 5150
746 403 805 468 101

177 603 190 635 1
291 575 434 642 Bolanus
456 577 503 660 (id
526 579 576 642 ast
597 575 746 660 quereus)
768 574 873 638 luctus
907 573 967 639 snb
995 595 1057 659 qua
1090 575 1254 644 Rebeccae
1288 599 1347 642 nu·

204 680 272 744 trix
295 680 423 764 sepulta
445 683 503 745 est.

292 782 410 848 Barad.
453 785 541 847 inter
564 782 665 846 Gades
688 785 722 848 et
737 781 845 847 Barad
867 781 1027 867 hodieque
1043 784 1131 868 Agar
1154 789 1270 870 puteus
1291 787 1313 852 d

202 890 412 952 monstratur.
1293 923 1297 929 ,

176 1017 191 1066 ς
295 991 461 1058 Bethleem
483 991 598 1058 ciuitas
621 991 730 1058 Dauid
761 991 795 1054 in
826 993 912 1056 sorte
941 991 1047 1057 tribus
1067 991 1182 1068 Iudae,
1219 994 1254 1057 in
1282 1015 1346 1078 qua

203 1095 353 1162 dominus
376 1099 485 1162 noster
507 1099 604 1180 atque
627 1097 770 1161 aaronem
793 1099 888 1160 natus
911 1099 976 1173 est,
1002 1097 1037 1162 in
1059 1099 1148 1162 sexto
1178 1097 1220 1162 ab
1252 1099 1347 1164 Aelia

203 1202 346 1268 miliario
369 1206 483 1268 contra
506 1203 717 1268 meridianam
749 1201 879 1286 plagam
910 1201 1001 1266 iuxta
1030 1202 1118 1268 uiam
1147 1224 1229 1287 quas
1258 1202 1346 1270 ducit

203 1305 375 1388 chebron,
408 1308 464 1372 ubi
495 1311 529 1374 et
550 1307 732 1392 sepulcrum
761 1305 848 1372 Iesse
879 1307 913 1370 st
935 1306 1042 1372 Dauid
1070 1307 1260 1372 ostenditur.
1313 1318 1346 1372 et

203 1413 294 1477 mille
316 1413 445 1478 circiter
467 1413 614 1498 passibus
637 1411 750 1497 procul
772 1411 871 1474 turris
893 1411 989 1488 Ades,
1014 1433 1096 1496 quae
1113 1413 1345 1498 interpretatur

155 1553 189 1586 ιο
203 1522 305 1586 turris
331 1522 451 1605 gregis,
484 1521 623 1606 quodam
651 1519 807 1585 uaticinio
839 1521 982 1603 pastores
1010 1519 1191 1586 dominicae
1226 1521 1344 1585 natiui-

202 1628 283 1690 tatis
304 1627 449 1690 conscios
470 1629 547 1692 ante
571 1625 768 1710 significans.
814 1623 871 1690 sed
893 1626 926 1688 st
949 1629 1084 1708 propter
1097 1625 1230 1690 eandem
1244 1623 1345 1690 Beth·

202 1733 287 1797 leem
319 1732 403 1815 regis
429 1731 590 1814 quondam
621 1729 757 1794 iudaeae
791 1728 946 1793 Archelai
982 1730 1127 1794 tumulus
1154 1729 1344 1808 ostenditur,

201 1837 277 1920 quis
294 1835 410 1910 emitae
432 1835 473 1900 ad
496 1834 628 1898 cellulas
651 1837 776 1898 nostras
798 1856 815 1898 e
839 1835 893 1898 uia
907 1833 1038 1918 publica
1051 1833 1247 1900 deuerteutis
1256 1836 1346 1920 prin·

203 1941 325 2025 cipium
348 1942 406 2005 est.
452 1939 628 2004 nocebatur
659 1940 766 2003 autem
800 1937 970 2003 Bethleem
999 1942 1033 2005 et
1063 1939 1149 2005 filius
1179 1939 1343 2016 Biratbaa,

156 2072 184 2119 ις
200 2044 234 2109 id
257 2048 307 2114 est
328 2040 468 2121 Mariae,
492 2045 530 2106 ut
555 2043 589 2106 in
615 2041 884 2127 Paralipomenon
913 2042 1078 2108 uolumine
1110 2043 1237 2128 plenius
1266 2044 1345 2109 dici·

200 2155 267 2213 tnr.
311 2147 382 2232 lege
405 2147 580 2232 diligenter
602 2147 781 2212 historiam.

668 2251 717 2316 De
740 2250 860 2318 Exodo.

290 2355 469 2422 Beelsel'ou.
516 2357 549 2420 iu
572 2356 698 2420 deserto
721 2360 826 2421 castra
848 2359 988 2423 filiorum
1010 2358 1130 2424 israhel
1147 2359 1237 2423 iuxta
1255 2380 1342 2423 mare

203 2463 338 2528 rubrum
360 2459 597 2544 egredientibus
618 2460 816 2546 Aegyptum.

494 2565 544 2629 De
567 2563 720 2656 Numerio
741 2569 774 2630 et
796 2564 1058 2632 Deuteronomio.

291 2669 473 2735 Baneiacan
496 2669 530 2733 iu
552 2669 678 2734 deserto
700 2673 807 2734 castra
828 2671 955 2736 itineris
977 2671 1118 2738 filiorum
1141 2671 1271 2736 Israhel.

289 2772 437 2838 Bamotb.
490 2773 605 2838 ciuitas
627 2771 878 2840 Amorraeorum
907 2778 999 2840 trans
1020 2775 1179 2842 Iordanen
1215 2777 1248 2842 in
1279 2776 1342 2840 Ar·

203 2899 297 2954 noue,
320 2899 417 2962 quam
440 2877 650 2962 possederunt
672 2877 732 2941 filii
755 2878 879 2944 Ruben.

289 2981 413 3058 Busan,
447 3003 543 3066 super
576 3002 641 3065 qua
662 2981 815 3046 scribitur
837 2989 867 3048 ct
897 2983 943 3065 (lp
968 3003 1071 3066 repam
1094 2985 1212 3048 Busan.
1258 2983 1339 3047 banc

162 3091 311 3158 assutam
334 3085 500 3152 Machathi
523 3086 767 3172 cognominanit
789 3086 899 3151 Auoth
919 3087 1001 3164 lair,
1032 3087 1091 3154 hoc
1119 3090 1170 3152 est
1189 3085 1342 3160 ἐπαύλεις

198 3191 306 3276 'lusia
361 3191 539 3276 ceciditque
572 3192 607 3256 in
648 3194 767 3256 sortem
804 3190 954 3256 dimidiae
984 3191 1088 3256 tribus
1124 3191 1271 3256 Manasse
1304 3193 1337 3256 in

201 3297 289 3360 terra
306 3294 443 3360 Galssd:
466 3295 544 3360 haec
566 3300 616 3360 est
639 3295 810 3375 Basanitis,
833 3316 916 3379 quae
927 3316 1014 3360 nnnc
1027 3295 1192 3362 Batanaea
1212 3297 1337 3362 dicitur.

288 3397 468 3483 Beelfegor,
485 3399 571 3483 quod
586 3401 820 3484 iuterpretatur
837 3400 1042 3466 simulacrum
1061 3401 1266 3485 ignominiae.
1291 3407 1340 3468 est

201 3507 310 3570 autem
331 3503 451 3568 idolum
475 3501 573 3570 Moab
596 3507 811 3588 cognomento
835 3503 915 3569 Baal
936 3527 1031 3590 super
1061 3509 1203 3572 montem
1217 3507 1338 3593 Fogor,

161 3629 297 3692 ,oquem
320 3607 429 3672 Latini
452 3607 607 3693 Priapum
641 3611 767 3674 uocant.
813 3611 846 3673 et
874 3609 912 3674 de
947 3607 1008 3674 hoc
1036 3612 1069 3674 in
1097 3611 1189 3678 libris
1211 3611 1339 3678 hebrai-

201 3735 310 3780 carum
333 3714 557 3798 quaestionum
580 3715 707 3801 plenius
728 3715 848 3780 dictum
871 3718 928 3778 est.

287 3817 397 3882 Baean
419 3818 536 3884 ciuitas
557 3821 817 3894 Amorraeorum,
841 3840 923 3902 quae
946 3823 979 3884 et
1000 3820 1071 3904 ipsu
1092 3843 1112 3886 a
1133 3821 1208 3886 filiis
1222 3822 1337 3888 Rubeu

201 3924 292 3988 tenta
314 3925 373 3986 est.

273 4179 284 4213 r
306 4160 366 4216 Gen
385 4163 489 4230 35,813
511 4161 572 4218 Gen
592 4167 664 4228 16,r4
679 4165 712 4230 is
733 4161 793 4220 Gen
812 4181 883 4233 35,19
898 4165 933 4233 {9
953 4163 1015 4220 Gen
1034 4183 1101 4233 35,sr
1119 4165 1124 4230 l
1142 4183 1169 4232 ¹5
1189 4163 1266 4220 Psrl
1283 4183 1338 4233 aro

198 4268 239 4315 4,4
254 4249 258 4316 l
276 4255 305 4303 rt
325 4250 364 4306 Ex
386 4269 440 4316 ιω
455 4251 460 4317 Ι
476 4269 505 4306 ar
526 4251 602 4308 Num
621 4253 712 4322 3331!
737 4273 766 4307 22
785 4253 859 4310 Num
880 4258 970 4324 srael
995 4275 1026 4320 ²4
1045 4253 1119 4308 Num
1138 4273 1206 4321 ar,33
1224 4255 1229 4321 Ι
1254 4275 1284 4321 ²4
1302 4255 1337 4310 Ps

201 4355 283 4406 ¹352st
300 4340 305 4406 Ι
322 4357 350 4406 ²5
370 4339 409 4394 Dt
428 4359 483 4407 3‚14
498 4342 502 4408 Ι
519 4347 548 4395 28
569 4341 644 4396 Num
662 4359 716 4409 25,3
733 4343 737 4408 Ι
755 4362 785 4410 ³0
803 4343 908 4400 Hieron
924 4343 995 4400 hebr
1012 4345 1133 4412 quaesti
1149 4364 1178 4413 ³2
1198 4345 1273 4402 Num
1283 4366 1337 4414 μή
