3218 5150
738 323 800 390 123

155 499 226 564 ret
253 493 473 572 ismahelitae,
502 493 558 579 qui
579 513 666 559 nune
687 491 849 560 Saraceni.
885 493 1022 579 legimus
1045 516 1173 580 queque
1196 493 1342 561 Ghodor·

182 603 347 687 legemur
368 619 476 685 regem
499 597 692 684 percussisse
713 617 769 662 eos
791 597 847 680 qui
869 599 963 662 erant
983 597 1018 662 in
1040 597 1167 664 deserte
1191 597 1306 664 Farau.

287 703 438 770 Filistiim
471 723 554 788 quae
578 722 663 766 nune
687 700 803 767 dieitur
824 700 967 768 Ascalon
989 705 1023 768 at
1044 702 1131 768 eirea
1153 723 1224 768 eam
1246 703 1341 789 regio

188 809 416 876 Palaestinae.

157 951 174 1000 5
288 911 432 978 Fanuhel
453 911 542 976 loeus
563 909 599 974 in
621 929 685 993 quo
698 909 984 976 laeobtotaneete
997 908 1344 976 eouluetanslsruhelis

190 1016 396 1083 noeubulnm
427 1013 553 1091 meruit,
585 1012 676 1076 iuxta
707 1013 884 1080 torrentem
907 1013 1015 1080 labeo.
1059 1013 1207 1080 Fanuhel
1236 1017 1343 1080 autem

191 1126 436 1210 interpretatur
457 1121 556 1186 iaeies
587 1119 638 1185 dei
669 1119 712 1184 ab
740 1141 777 1186 ee
806 1121 893 1207 qued
913 1121 1011 1188 Iacob
1032 1122 1076 1187 ibi
1100 1122 1193 1188 deum
1216 1123 1342 1188 uiderit.

291 1227 383 1314 Fego
405 1227 523 1294 ciuitas
544 1225 635 1291 Adad
654 1227 751 1310 regis,
774 1247 857 1311 quae
879 1229 931 1292 est
951 1228 986 1292 in
1008 1227 1138 1314 regione
1160 1227 1342 1314 gebalitica.

291 1332 402 1399 Fauen
432 1333 540 1397 castra
572 1329 714 1394 filiorum
742 1327 866 1394 Israhel
900 1330 934 1395 in
967 1331 1102 1397 deserto.
1142 1331 1206 1396 tuit
1236 1335 1343 1398 autem

143 1472 182 1507 ιο
203 1437 324 1503 ciuitas
346 1433 508 1520 quondam
531 1432 714 1518 principum
736 1430 856 1510 Edem,
887 1454 973 1498 nune
996 1434 1120 1499 uieulus
1150 1435 1184 1500 in
1207 1435 1343 1513 deserte,

202 1540 264 1606 ubi
285 1541 368 1608 aeris
390 1537 520 1604 menna
538 1535 764 1602 damnatorum
786 1535 951 1621 suppliciis
972 1537 1171 1604 effodiuntur
1193 1539 1279 1604 inter
1301 1541 1346 1605 ci·

202 1646 342 1710 uitatem
364 1643 494 1710 Petram
517 1645 551 1708 et
572 1641 717 1720 zoaram,
740 1641 779 1707 de
802 1662 867 1725 quo
890 1644 923 1708 et
944 1663 1043 1728 supra
1064 1643 1213 1710 diximus.

683 1744 732 1811 De
755 1743 878 1811 Exodo.

294 1851 426 1918 Fithom
449 1849 565 1915 ciuitas
586 1848 739 1934 Aegypti,
763 1870 861 1935 quam
876 1849 1200 1919 aedifleaueruutfilii
1213 1853 1345 1920 Israhel.

154 1991 187 2041 15
480 1953 529 2020 De
552 1951 704 2018 Numerie
724 1957 759 2020 et
781 1954 1040 2022 Deuteronomio.

296 2058 359 2125 Fin
381 2062 485 2124 castra
506 2057 648 2124 filiorum
670 2057 793 2124 Israhel
816 2058 850 2123 in
873 2059 1008 2125 deserto.

296 2161 441 2229 Fathura
462 2163 579 2228 ciuitas
600 2164 690 2227 hans
712 2161 990 2248 Mesopotamium,
1021 2162 1105 2228 uude
1130 2161 1193 2229 fnit
1214 2163 1348 2232 Balaam

208 2271 338 2338 ariolus.
383 2267 437 2334 sed
468 2268 501 2333 et
533 2267 625 2332 iuxta
645 2266 922 2354 Eleutheropolim
944 2268 1102 2353 quaedam
1124 2268 1204 2334 uilla
1216 2271 1347 2338 nomine

208 2374 352 2440 Fathura
373 2373 579 2457 nnneupatu'r
597 2372 748 2438 euntibus
770 2372 899 2440 Gazam.

162 2523 197 2558 ,ο
298 2477 407 2562 Fogor
428 2478 462 2542 et
483 2475 663 2563 Bethiegor
692 2499 785 2544 mons
806 2477 1045 2556 Moabitarum,
1068 2478 1227 2563 adquam
1250 2475 1350 2544 Balao

212 2605 269 2649 rex
292 2581 426 2648 adduxit
446 2581 579 2646 Balaam
611 2581 758 2664 ariolum,
791 2584 826 2649 in
847 2583 1017 2669 supercilio
1039 2581 1193 2648 libiadis
1238 2581 1295 2648 ssd
1316 2583 1351 2648 et
1440 2653 1443 2664 ¹

210 2687 276 2752 alia
309 2686 387 2751 uilla
423 2684 529 2770 Fuger
560 2686 641 2751 haut
674 2688 787 2772 procul
816 2709 837 2752 a
868 2687 1038 2754 Bethleem
1074 2687 1233 2764 cernitur,
1267 2706 1350 2770 quse

211 2812 300 2858 nuno
322 2789 427 2858 Fuere
449 2793 664 2876 nuncupatur.

300 2893 402 2980 Faega
432 2893 548 2960 ciuitas
569 2894 824 2962 Amorraeorum.
868 2897 918 2960 est
938 2897 1046 2960 autem
1067 2895 1101 2958 et
1122 2913 1216 2958 mons
1237 2893 1352 2958 eontra

168 3039 197 3092 ²5
213 3001 404 3068 orientalem
425 3001 553 3087 plagam
575 2999 695 3088 Fasga,
728 3023 787 3087 pro
811 3022 876 3085 quo
897 2999 1018 3085 Aquila
1040 3000 1275 3084 iuterpretatur
1296 3020 1352 3064 er·

213 3107 325 3172 uiarum
370 3104 427 3170 sed
448 3109 483 3171 et
503 3121 575 3170 nxx
604 3105 797 3192 interpretes
819 3105 925 3190 Fasga
956 3104 991 3170 in
1021 3103 1160 3189 quodem
1195 3101 1267 3169 loeo
1297 3124 1352 3168 ex·

214 3210 315 3276 uisum
336 3207 580 3276 transtulerunt.

623 3311 672 3378 De
694 3310 779 3377 libro
800 3311 951 3378 iudicum.

299 3414 447 3481 Fanuhel
469 3415 601 3495 eiuitas,
623 3437 720 3500 quum
742 3415 925 3482 aedilioauit
944 3415 1123 3482 [erobeam.

170 3567 202 3616 3⁰
301 3519 449 3586 Fauuhel
480 3521 598 3600 turris,
631 3541 728 3605 quam
762 3519 924 3586 subuertit
947 3519 1089 3588 Gedeon.
1119 3521 1173 3588 sed
1207 3521 1241 3586 et
1270 3541 1354 3586 unus

216 3624 256 3692 de
268 3623 344 3690 filiis
364 3622 437 3690 Hor
457 3627 591 3690 uocatus
613 3626 662 3690 est
683 3622 837 3690 Fanuhel.

303 3726 478 3810 Fraathon,
500 3727 786 3793 undefuitlibdon
800 3727 895 3793 iudex
920 3728 1032 3814 populi
1046 3727 1170 3794 Israhel
1192 3728 1226 3792 in
1242 3730 1352 3791 monte

216 3829 359 3898 Amalec.

289 4019 302 4054 r
322 3999 383 4058 Gen
399 4003 453 4068 14⁶
468 4001 474 4070 1
490 4017 504 4068 ³
523 3997 585 4055 Gen
603 4016 675 4066 πμ
690 4001 695 4068 Ι
710 4015 724 4066 5
744 3995 805 4053 (ian
820 4014 889 4067 ,ψ
906 3999 911 4068 Ι
927 4003 942 4053 8
960 3998 1022 4056 Gen
1040 4004 1111 4068 3⁶39
1125 3999 1131 4068 Ι
1147 4017 1162 4067 9
1180 3993 1352 4067 Nummi

217 4089 462 4160 9Gen3641112
481 4111 514 4136 =
535 4106 603 4158 109,7
618 4089 623 4154 Ι
641 4108 671 4154 ¹4
688 4087 730 4144 Ex
750 4106 802 4154 1,rr
819 4089 824 4157 Ι
841 4093 871 4143 rt
889 4088 964 4145 Num
983 4108 1053 4158 33,42
1069 4089 1074 4156 Ι
1091 4107 1120 4154 ¹7
1139 4086 1214 4143 Num
1233 4103 1286 4154 22,5
1303 4085 1308 4153 Ι
1323 4103 1357 4140 ao

219 4178 404 4250 Namnet!
427 4177 805 4246 thmlthsul
827 4174 1355 4249 zontraslaflufflnaslso

217 4265 270 4322 Iud
290 4269 365 4337 ⁸1¹7!
387 4287 416 4337 ³1
436 4269 492 4324 Par
510 4267 582 4334 I.4,4
596 4267 602 4335 Ι
618 4287 648 4334 32
666 4265 719 4322 Iud
739 4285 807 4336 κως
