3218 5150
739 394 802 459 159

678 563 728 630 De
751 563 878 632 Genesi.

294 665 417 732 Zoloim
441 668 532 753 regio
559 669 745 754 principum
768 669 870 734 Edom
904 671 938 736 in
968 675 1054 736 terra
1078 693 1160 756 quae
1183 693 1269 737 nune
1291 672 1348 736 ad·

205 770 345 854 pellatur
368 770 542 838 Gebalena.

492 878 541 944 De
563 877 715 946 Numeris
737 882 771 945 et
793 880 1057 947 Deuteronomio.

179 1019 191 1067 ς
291 981 379 1047 Zoob
402 985 518 1049 ciuitas
540 985 792 1054 Amorraeorum
816 987 880 1052 sita
898 987 933 1051 in
956 986 1106 1064 Amore,
1128 985 1167 1050 de
1189 1006 1254 1068 qna
1268 987 1346 1050 seri·

204 1090 298 1172 ptum
321 1091 370 1152 est
385 1096 568 1171 propterea
590 1089 712 1156 dieitur
733 1091 769 1155 ia
796 1091 878 1156 libro
911 1091 1064 1157 bellorum
1092 1090 1214 1156 domiui
1236 1091 1345 1168 „Zoob

200 1193 415 1275 inflammabit
436 1201 466 1260 et
487 1201 642 1260 torrentes
663 1195 812 1261 Arnou“.

290 1296 427 1362 Zelrona
449 1299 606 1364 terminus
627 1299 725 1364 Iudae
748 1299 788 1363 ad
810 1298 1086 1383 septemtrionem.

292 1401 403 1468 Zered.
427 1402 507 1468 uilla
528 1401 630 1469 Zared
650 1405 685 1468 in
708 1407 800 1490 parte
822 1403 951 1469 deserti.

642 1506 690 1574 De
711 1509 795 1574 libro
817 1509 900 1574 Iesu.

287 1610 343 1676 Zii
361 1613 395 1676 in
417 1613 505 1678 tribu
528 1611 619 1677 luda.

290 1715 465 1781 Zannohua
486 1718 520 1781 in
544 1717 632 1782 tribu
659 1716 749 1781 Iuda.
794 1737 894 1800 usque
917 1715 1011 1782 bodie
1039 1715 1073 1779 iu
1103 1715 1222 1779 finibus
1245 1713 1341 1779 Eleu·

201 1820 409 1904 theropoleos
431 1822 638 1906 pergentibus
660 1819 787 1885 Aeliam
809 1820 889 1884 uilla
912 1818 1020 1884 Zanua
1042 1821 1258 1905 nuncupatur.

290 1925 344 1990 zif
361 1927 396 1990 in
427 1929 542 1991 octauo
565 1926 704 1990 miliario
726 1922 877 1990 Gbebron
910 1927 1024 1990 contra
1054 1926 1211 1990 orientem
1241 1946 1342 2009 usque

157 2053 186 2103 ις
202 2027 237 2093 in
260 2051 411 2114 praesens
433 2029 522 2094 niens
544 2028 734 2108 ostenditur,
757 2029 813 2092 nbi
835 2029 1041 2094 absconditus
1063 2032 1111 2094 est
1133 2029 1248 2094 Dauid.
1278 2029 1342 2092 luit

202 2136 310 2198 autem
333 2135 438 2199 tribus
460 2133 557 2199 Iudae
580 2135 613 2198 in
636 2133 778 2198 Daroma
799 2133 834 2197 in
855 2133 974 2197 finibus
996 2132 1291 2219 Eleutheropoleos.

589 2237 641 2302 De
663 2237 755 2302 libris
776 2257 958 2320 regnorum.

288 2339 346 2406 zif.
380 2363 473 2406 mons
496 2341 660 2424 squalidus
694 2339 746 2407 uel
775 2341 916 2426 caligans
950 2342 1018 2406 siue
1048 2339 1221 2406 nebulosus
1247 2341 1338 2405 iuxta

202 2444 263 2523 zu,
278 2447 314 2510 in
330 2467 394 2531 quo
408 2446 491 2510 sedit
507 2445 614 2511 Dauid
636 2450 770 2531 propter
789 2445 1002 2526 chermelam,
1017 2467 1099 2530 quae
1121 2446 1155 2509 in
1173 2443 1340 2530 seripturis

154 2575 188 2608 ιο
202 2549 365 2615 Carmelus
386 2548 577 2635 adpellatur.
601 2551 691 2615 uiuus
713 2549 807 2616 hodie
822 2549 1026 2626 Iudaeorum,
1048 2549 1133 2616 unde
1155 2550 1219 2614 luit
1232 2547 1340 2615 Nabal

200 2655 379 2720 carmelius.
402 2655 457 2719 sed
480 2657 513 2719 et
536 2676 618 2720 unus
639 2654 678 2720 da
701 2655 839 2741 posteris
861 2654 958 2721 Caleb
973 2655 1078 2720 dietus
1093 2669 1143 2721 ast
1162 2654 1223 2720 Zif.
1268 2653 1340 2739 lege

200 2759 478 2845 paralipomenon.

285 2862 413 2949 Zogora
443 2863 477 2928 in
500 2862 635 2928 Ieremia
664 2862 780 2928 eiuitas
802 2861 1030 2928 Moabitarum.
1074 2862 1154 2928 haee
1177 2866 1226 2926 est
1257 2883 1338 2946 quae

199 2989 286 3032 nuno
307 2971 444 3034 nocetur
466 2966 568 3033 Zoara
589 2969 657 3033 siue
679 2967 796 3050 Segor,
829 2989 896 3032 una
917 2969 956 3033 de
978 2967 1120 3052 quinque
1149 2966 1338 3032 ciuitatibus

154 3093 183 3142 ²5
200 3071 421 3139 Sodomorum.

287 3177 352 3242 Zeb
384 3177 500 3242 ciuitas
522 3177 672 3242 Ammon.
709 3175 867 3262 hodieque
895 3177 973 3241 uilla
1007 3175 1063 3239 Zia
1092 3174 1274 3239 ostenditur
1302 3175 1336 3239 in

199 3283 314 3367 quinto
336 3281 459 3348 decimo
480 3281 588 3367 lepide
610 3281 794 3347 Filadelfiae
817 3285 930 3348 eontra
963 3280 1171 3346 occidentem.
1212 3279 1250 3344 de
1273 3301 1338 3365 qua

200 3388 329 3473 scripsit
350 3387 512 3452 Ieremias.

285 3492 416 3559 Zoeleth
445 3515 563 3558 nomen
589 3492 705 3579 lapidis
736 3495 792 3558 ubi
816 3494 954 3560 Adouius
984 3491 1167 3558 immolauit
1189 3491 1338 3554 uictimas

153 3622 185 3670 ιο
198 3597 289 3662 iuxta
311 3597 435 3663 fontem
458 3597 571 3682 Rogel.

270 3762 710 3830 zGen36,rrlsNum21,r4l
732 3767 747 3815 8
766 3763 841 3818 Num
860 3782 914 3831 34,9
930 3769 935 3824 l
951 3782 966 3831 9
985 3763 1023 3818 Dt
1041 3763 1116 3832 ml
1140 3779 1167 3815 11
1187 3759 1231 3815 los
1251 3760 1335 3828 1524!

200 3877 229 3911 ιι
253 3857 297 3912 los
316 3859 406 3926 1534!
432 3875 462 3922 ¹4
486 3856 616 3923 los15,55
640 3857 644 3922 Ι
670 3860 699 3908 ι8
724 3855 815 3926 ltegI
835 3861 925 3926 23‚r4l
951 3876 981 3910 ιι
1005 3855 1089 3910 Paral
1107 3855 1121 3909 Ι
1139 3853 1215 3922 aaa!
1240 3871 1269 3918 ²3
1293 3851 1338 3905 Ier

197 3947 289 4014 duel
306 3951 337 4001 ²⁶
355 3947 400 4002 101
417 3965 474 4015 sss
488 3946 494 4016 l
510 3964 540 4014 2⁹
558 3946 620 4016 Reg
638 3945 680 4000 111
700 3965 746 4014 τι·
