3218 5150
834 404 897 468 122

296 582 330 645 et
350 579 413 644 alia
435 578 593 661 quaedam
617 576 732 642 ciuitas
750 576 911 663 Enganna
933 575 1051 641 dicitur
1074 577 1159 642 circa
1180 575 1335 642 Gerasam
1346 579 1457 644 maner

294 683 464 748 Iordanen.

382 785 515 850 Enadda
537 786 572 850 in
595 785 684 851 tribu
705 783 860 850 Iesaehnr.
906 787 955 850 eet
976 786 1084 850 antem
1107 804 1209 868 neque
1230 782 1325 852 hodie
1338 806 1437 871 qnae·

294 890 368 956 dam
408 889 487 954 uilla
517 889 647 956 nomina
674 889 842 956 Enaddam
879 889 1092 975 pergentibus
1122 887 1161 954 de
1188 888 1434 976 Eleutheropoli

294 993 423 1059 Aeliam
446 995 535 1078 quasi
560 995 683 1059 decimo
706 994 855 1058 miliario,
1445 1007 1458 1056 5

380 1098 509 1163 Enasor
530 1098 565 1162 in
588 1097 676 1163 tribu
698 1095 877 1183 Neptalim.
900 1097 1008 1183 posita
1031 1097 1081 1162 est
1103 1099 1136 1161 at
1157 1117 1258 1183 snpra
1279 1096 1373 1162 Aser.

381 1199 525 1266 Ereccon
549 1202 707 1266 terminus
730 1201 835 1266 tribus
858 1199 932 1266 Dan
954 1201 1045 1266 iuxta
1062 1199 1197 1286 Ioppen.

697 1305 747 1370 De
768 1306 910 1370 indicum
932 1305 1026 1371 libro.

379 1406 475 1472 Elam
508 1407 563 1472 ubi
593 1407 756 1474 habitauit
785 1406 919 1473 Samson
951 1408 987 1472 in
1020 1407 1175 1494 spelunca
1205 1407 1300 1472 Etam
1341 1407 1434 1470 iuxta

294 1512 484 1578 torrentem.
1100 1585 1103 1594 .
1449 1522 1460 1564 ι

673 1619 721 1684 De
745 1639 920 1704 regnorum
941 1618 1042 1684 libris.

379 1722 449 1788 Ele.
492 1721 630 1807 legimus
660 1723 778 1788 uallem
800 1723 878 1805 Ela,
909 1743 1006 1808 qnam
1028 1721 1150 1806 Aquila
1172 1723 1206 1786 et
1228 1721 1432 1788 Theodotion

294 1829 551 1913 interpretantur
573 1827 692 1892 uallem
713 1849 859 1912 quercus.

380 1931 529 2017 Engaddi
552 1931 723 2011 desertum,
745 1933 781 1998 in
804 1953 868 2016 qno
891 1931 1098 1997 absconditus
1121 1929 1298 1996 eetDaoid.
1323 1930 1433 2015 posui·

293 2058 363 2102 mus
385 2039 418 2101 et
440 2056 538 2121 supra
560 2035 710 2122 Engaddi
740 2038 775 2101 in
805 2036 894 2102 tribu
917 2035 997 2102 luda
1026 2036 1117 2100 iuxta
1148 2055 1236 2101 mare
1267 2037 1429 2100 mortuum
1448 2051 1476 2102 ι5

292 2144 405 2207 contra
426 2141 633 2207 occidentem.

378 2245 499 2313 Emath
522 2247 610 2332 regio
633 2244 864 2328 Allofylornm.
890 2266 985 2332 porro
1007 2245 1100 2312 iuxta
1122 2243 1292 2311 Ieremiam
1316 2242 1433 2308 ciuitas

291 2348 450 2416 Damasei.

376 2454 471 2518 Euan
496 2453 652 2519 terminus
675 2451 839 2532 Damasei,
866 2454 950 2518 sicut
971 2453 1006 2518 in
1028 2452 1178 2518 Ezechiel
1207 2452 1362 2537 legimus,
1391 2453 1431 2518 ad

290 2558 448 2624 orientem
469 2579 608 2644 uergens
631 2578 651 2622 a
673 2557 820 2624 Theman
843 2561 877 2624 et
899 2555 1071 2636 Palmatis,
1104 2578 1187 2641 qnae
1210 2559 1309 2622 ceteri
1331 2558 1429 2624 inter·
1446 2581 1477 2616 20

292 2667 399 2749 pratee
421 2663 592 2729 ediderunt
616 2662 772 2728 Ibumar.

759 2765 808 2831 De
831 2763 959 2832 Genesi.

361 2857 476 2936 'Fieon
498 2869 597 2955 (quod
618 2869 852 2954 interpretatur
874 2872 1016 2952 caterua)
1042 2869 1174 2948 fluuius,
1210 2889 1306 2953 quem
1328 2869 1430 2934 nostri

291 2973 427 3059 Gangen
448 2976 584 3053 nocant,
612 2973 651 3039 de
674 2973 822 3059 paradiso
844 2973 953 3038 exiens
975 2975 1008 3038 et
1028 2992 1166 3058 pergens
1187 2973 1228 3038 ad
1250 2972 1360 3038 Indiae
1382 2993 1432 3038 ra·

290 3079 415 3164 ginnas,
438 3083 513 3166 poet
534 3100 615 3164 quas
637 3079 780 3164 erumpit
800 3079 837 3142 in
859 3078 1000 3163 pelagus.
1034 3077 1113 3144 dicit
1141 3079 1248 3143 autem
1270 3079 1476 3162 scripturam

289 3183 420 3248 circuiri
451 3185 493 3249 ab
522 3184 584 3250 hoc
605 3184 792 3248 uniuersam
819 3181 985 3266 regionem
997 3181 1100 3259 uuila,
1123 3183 1180 3248 ubi
1202 3203 1317 3248 aurum
1339 3173 1462 3268 praes

293 3287 425 3373 cipuum
447 3287 591 3352 nascitur
612 3289 646 3352 et
666 3285 881 3352 carbunculus
901 3286 985 3370 lapis
1008 3288 1041 3351 et
1059 3287 1218 3372 prasinus.

378 3389 485 3455 Faran
506 3412 591 3457 nune
613 3391 768 3476 oppidum
790 3393 882 3455 trans
903 3389 1062 3454 Arabiam
1083 3390 1230 3455 iunctum
1251 3389 1431 3472 Saracenis,

290 3495 347 3578 qni
369 3495 405 3558 in
427 3492 600 3560 solitudine
622 3495 698 3578 uagi
719 3496 841 3558 errant.
875 3513 935 3577 per
961 3492 1023 3558 hoc
1045 3493 1108 3559 iter
1132 3491 1277 3560 fecerunt
1304 3494 1363 3559 filii
1384 3495 1432 3560 Is·

289 3596 401 3674 rahel,
435 3617 509 3662 cnm
542 3596 581 3662 de
604 3599 715 3662 monte
737 3595 816 3663 Sina
837 3599 945 3662 castra
966 3598 1151 3662 meruissent.
1195 3601 1243 3664 est
1273 3621 1352 3686 ergo
1382 3601 1432 3686 (ut
1446 3627 1478 3678 30

289 3701 442 3785 diximus)
474 3702 566 3766 trane
589 3699 742 3765 Arabiam
772 3702 886 3767 contra
914 3701 1088 3766 australem
1112 3701 1244 3786 plagam
1277 3706 1311 3768 et
1331 3703 1432 3768 distat

290 3806 331 3871 ab
353 3806 428 3871 Aila
460 3808 575 3870 contra
604 3805 762 3869 orientem
791 3804 908 3869 itincre
939 3804 1039 3870 trium
1069 3804 1203 3869 dierum.
1240 3805 1276 3868 in
1304 3805 1430 3872 deserto

290 3912 398 3976 antem
411 3907 515 3976 Faran
538 3909 699 3996 scriptura
710 3911 930 3975 conmemorat
946 3909 1109 3976 habitasse
1120 3908 1323 3978 Ismahelem.
1346 3911 1431 3976 unde

362 4098 375 4133 r
395 4079 440 4135 Ios
458 4095 529 4147 arae
544 4079 551 4148 Ι
572 4098 585 4146 3
606 4077 651 4134 Ios
671 4077 761 4146 rear!
782 4082 798 4131 6
816 4075 861 4133 Ios
879 4077 969 4146 1937!
994 4095 1009 4145 ⁷
1028 4078 1074 4133 Ios
1092 4079 1183 4148 1946!
1203 4079 1291 4148 91nd
1311 4083 1385 4150 158!
1402 4101 1431 4137 ra

290 4167 382 4238 aeg1
402 4186 456 4235 1722
472 4166 477 4235 Ι
494 4185 524 4233 14
542 4165 626 4237 angl
644 4184 698 4232 aar
715 4166 720 4234 Ι
737 4166 924 4235 15=11a12l
941 4185 970 4235 ¹7
989 4166 1088 4238 Reell
1106 4172 1146 4236 Se
1161 4169 1166 4237 Ι
1184 4167 1276 4237 17101
1292 4187 1363 4238 eae
1379 4169 1384 4237 Ι
1402 4186 1431 4237 ¹9

289 4259 398 4404 {neap
423 4259 430 4326 Ι
451 4271 482 4316 ‘so
499 4259 538 4315 rsa
554 4260 648 4329 mel
670 4278 700 4328 23
719 4259 781 4316 Gau
798 4277 852 4326 ψ
875 4261 881 4328 Ι
903 4264 933 4315 28
952 4259 1013 4317 Gen
1033 4264 1088 4326 r4‚⁶
1110 4261 1115 4328 Ι
1138 4261 1263 4331 sellum
1282 4281 1352 4330 roua
1372 4264 1378 4333 Ι
1400 4281 1430 4332 33

332 4367 352 4404 n
370 4367 439 4415 arar
