3172 5160
872 438 904 485 Vl

390 592 593 649 onomsstioum
618 590 782 662 Hieronymi
806 592 885 663 prius
907 591 938 646 in
961 588 1158 661 oompendium
1184 589 1330 646 redactum
1357 593 1470 647 ueteri-

318 681 370 736 bus
388 681 542 737 bibliorum
560 680 712 736 latinorum
731 681 906 737 editionibus
923 679 991 736 eddi
1009 678 1124 736 solitum
1142 695 1201 734 esse
1219 677 1286 749 seio,
1303 678 1338 735 de
1357 697 1413 748 quo
1431 679 1468 735 in

317 771 391 826 libro
412 771 583 842 tteobyrbobe
601 771 808 842 abbandtonyerr
825 772 940 827 aeturus
958 787 1028 824 suin.

877 859 905 913 II

388 951 567 1008 Onomsstios
584 950 698 1022 paginis
712 950 853 1004 161-206
871 946 995 1020 repetite
1012 945 1087 1001 unde
1105 945 1270 1017 sumpserim
1289 962 1386 1016 mergo
1400 945 1465 1000 edi·

317 1041 403 1097 tionis
422 1040 544 1098 docebit

868 1127 910 1182 111

388 1219 504 1274 Eusebii
516 1216 704 1274 caesareensis
718 1216 863 1287 liberaret
880 1219 933 1270 mir
949 1215 1064 1270 rorensis
1082 1212 1224 1286 ὀνομάτων
1241 1214 1293 1267 mir
1307 1216 1337 1268 ir
1354 1213 1384 1288 ej
1395 1217 1463 1286 trip

316 1307 411 1380 γραφῇ
427 1310 555 1364 seruatus
574 1309 617 1363 est
634 1307 665 1361 in
683 1305 828 1362 codicibus
845 1305 963 1371 duobus,
982 1305 1073 1360 altero
1091 1303 1214 1376 perisino
1231 1321 1333 1375 graeco
1352 1306 1404 1360 772
1425 1327 1460 1352 =

317 1397 389 1450 2282
409 1419 441 1444 =
460 1397 527 1462 464,
556 1395 592 1451 de
616 1412 672 1464 quo
699 1394 845 1465 ostelogus
870 1393 1010 1465 parisinus
1033 1391 1223 1463 inspiciendus
1246 1393 1342 1459 1165,
1368 1393 1461 1449 sltero

316 1484 463 1541 sirletieno
482 1487 576 1550 antea,
594 1501 669 1540 nuno
687 1483 821 1539 uetiosno
840 1485 918 1549 1456,
937 1499 1022 1552 quem
1040 1482 1147 1554 primus
1159 1481 1461 1538 adbibuitVallersius

315 1591 349 1628 so
367 1573 445 1630 fuere
463 1574 550 1630 etism
568 1576 665 1630 nostre
682 1574 819 1629 memorie
836 1573 887 1643 qui
905 1571 1112 1644 inspiciendum
1136 1573 1269 1627 curarent
1287 1611 1294 1626 .
1313 1588 1365 1643 ego
1389 1589 1458 1627 neu-

315 1664 392 1717 trum
409 1661 516 1719 librum
534 1662 740 1733 ipse-contuli,
765 1662 814 1718 sed
838 1679 911 1731 quse
934 1679 969 1716 ex
991 1659 1125 1716 uatieeno
1148 1660 1238 1716 bsbeo
1262 1659 1421 1731 deprompsi
1440 1679 1459 1716 a

316 1751 471 1819 vallarsio,
495 1751 615 1822 parisini
633 1753 787 1824 scripturas
805 1751 917 1823 oonlegi
935 1767 970 1807 ex
988 1750 1162 1808 editionibus
1179 1749 1319 1805 Bonfrerii
1337 1751 1459 1806 011100-

315 1839 424 1896 tiensei
446 1841 524 1912 typis
541 1842 678 1913 exoriptis
697 1844 726 1898 et
745 1841 870 1899 editione
888 1840 1002 1897 PBertii
1019 1857 1104 1896 msnu
1122 1841 1252 1907 exsiste,
1279 1857 1365 1909 quem
1383 1841 1460 1897 inter

313 1929 402 1986 libros
419 1930 563 1987 uossisnos
580 1934 677 1987 seruet
692 1931 868 1988 bibliothece
885 1930 1018 1986 leidensis
1035 1929 1162 1998 mihique
1179 1929 1309 2000 permisit
1326 1929 1371 1985 nir
1392 1929 1458 1986 doe·

314 2020 407 2075 trinae
424 2038 590 2091 morumque
608 2020 753 2092 elegantis.
770 2020 879 2092 pariter
895 2019 1016 2090 insignis
1029 2019 1094 2074 WN
1103 2018 1231 2075 duRieu.
1254 2036 1312 2074 non
1329 2023 1459 2090 poteram

315 2111 411 2164 autem
429 2109 490 2165 sine
508 2128 617 2166 summa
634 2109 723 2166 animi
741 2109 928 2166 commotione
946 2125 1017 2178 opus
1033 2107 1123 2162 boos
1141 2107 1214 2163 bono
1234 2111 1265 2163 et
1287 2107 1370 2164 docto
1394 2108 1459 2165 uiro

314 2198 448 2262 omnium,
467 2201 501 2254 ut
518 2199 615 2258 uidere
633 2202 690 2266 est,
708 2199 813 2255 uirium
831 2196 990 2254 intentione
1008 2197 1184 2252 eleboratum
1201 2196 1319 2262 intueri,
1338 2197 1389 2267 qui
1406 2216 1460 2268 per

314 2286 370 2342 duo
395 2288 507 2343 sseeuls
529 2289 671 2344 neminem
695 2288 807 2344 inuenit
830 2286 881 2357 qui
907 2285 948 2342 eis
972 2301 1045 2355 quse
1069 2286 1196 2355 pererret
1220 2287 1348 2341 uteretur
1372 2327 1378 2340 .
1402 2287 1459 2343 hoo

314 2394 402 2432 unum
419 2376 522 2432 sddnm
541 2378 570 2432 in
594 2377 700 2448 psgins
723 2377 828 2432 oodiois
854 2375 977 2432 seennds
1001 2375 1036 2430 de
1058 2373 1154 2430 codiee
1173 2373 1285 2428 Thusni
1310 2371 1386 2438 (uide
1410 2393 1458 2431 me

313 2465 388 2522 infre
405 2466 621 2532 1269,191144
638 2466 675 2521 sd
692 2467 890 2538 185‚3)haee
907 2464 967 2536 legi
985 2464 1068 2518 codar
1086 2458 1162 2518 nrs‘l'
1186 2463 1295 2518 Tbaom'
1311 2463 1460 2536 descriptas

306 2555 370 2626 suit
387 2574 405 2608 a
423 2555 530 2610 curiora
547 2561 573 2609 rt
589 2556 695 2609 erudita
714 2573 814 2610 neena:
832 2573 896 2608 nam
915 2560 941 2607 st
955 2573 1054 2625 praeca
1067 2553 1131 2608 bene
1142 2556 1270 2626 formato
1281 2558 1360 2607 eram
1378 2553 1459 2624 [hino

313 2644 450 2701 concludo
468 2644 553 2701 fuisse
572 2645 602 2701 in
620 2646 673 2700 hoo
698 2644 794 2702 oodioe
818 2645 905 2701 etiem
927 2644 1131 2700 onomsstieum
1149 2642 1315 2715 Hieronymi
1338 2643 1429 2714 prius]
1450 2664 1458 2698 ι

311 2735 486 2806 praeferebat
508 2736 697 2805 antiquitatem
722 2735 834 2790 11000
854 2751 1014 2789 annorum.
1038 2735 1066 2788 in
1094 2735 1181 2788 medio
1205 2733 1269 2788 libri
1289 2735 1327 2788 ad
1351 2735 1459 2790 initium

313 2823 435 2877 &menti
451 2823 482 2877 D
500 2826 625 2892 experieris
641 2830 668 2878 et
685 2825 821 2895 explicata
835 2825 944 2897 paysitis
960 2823 1025 2877 libri
1040 2823 1192 2894 tepebantor
1210 2823 1260 2876 siria
1279 2823 1361 2878 uerba
1379 2847 1388 2877 :
1413 2825 1459 2878 bie

313 2917 351 2966 est
368 2913 434 2965 tiber
453 2914 541 2966 saneti
560 2915 694 2968 Germani
708 2913 923 2968 aabeiederemis
940 2913 1057 2983 episcopi
1062 2952 1068 2978 ‚
1098 2912 1198 2983 siquis
1220 2931 1280 2966 mm
1297 2915 1454 2985 surriserit,

312 3002 457 3055 anathema
475 3002 517 3056 rie

385 3090 465 3162 siglis
482 3091 513 3147 in
531 3092 733 3150 commentario
751 3109 813 3150 meo
831 3111 897 3150 usus
915 3111 976 3150 sum
992 3092 1083 3150 hisee:

361 3181 385 3236 Β
421 3179 534 3236 Bestius
550 3180 581 3236 in
599 3181 695 3238 oodiee
713 3181 789 3238 inire
805 3183 857 3238 snb
876 3182 949 3255 siglo
967 3200 986 3253 p
1004 3181 1196 3239 (lesoribendo.

367 3271 386 3326 b
423 3270 512 3327 editio
530 3271 627 3326 Iseobi
644 3271 783 3328 Bonfrerii
800 3273 937 3345 inseripte
959 3273 1145 3326 Orsomostieors
1168 3269 1275 3324 urbiam
1293 3275 1319 3322 et
1336 3272 1458 3326 locorum

420 3381 513 3418 morae
536 3365 685 3435 scripturae
708 3383 754 3420 seu
779 3367 844 3420 leber
867 3365 900 3419 dr
924 3365 987 3419 loris
1011 3363 1140 3417 hebraicis
1163 3361 1197 3414 ab
1222 3361 1337 3415 Eusebi>
1359 3381 1458 3434 praees

413 3452 550 3522 primum,
583 3453 676 3507 dando
699 3455 733 3507 at
752 3456 919 3524 Hieronymo
943 3453 1023 3506 latine
1046 3451 1160 3522 scriptus
1178 3491 1185 3507 .
1203 3451 1232 3505 in
1250 3453 1457 3508 commodiorem

420 3558 492 3597 oum
510 3542 630 3596 ordinem
657 3543 700 3612 [re
718 3561 787 3600 uera
804 3560 940 3615 perquem
964 3541 1172 3598 incommodum
1196 3541 1455 3614 neglegentissime]

420 3631 545 3687 redactus
562 3638 589 3686 et
604 3634 690 3688 aorem
707 3633 895 3688 additamentis
913 3637 1007 3688 000100
1027 3649 1109 3704 opera
1133 3631 1228 3686 Iaooti
1242 3632 1387 3701 Boafrerii
1408 3651 1454 3686 so-

420 3719 519 3775 cietatis
536 3721 607 3778 Issa.
647 3722 763 3778 Parisiis
782 3723 850 3778 1631
870 3721 960 3778 forms
978 3722 1106 3793 oblongs

349 3810 388 3865 Bi
420 3811 581 3868 Bonirerius
599 3852 606 3867 .
625 3813 699 3869 huno
718 3829 771 3886 ego
787 3828 898 3884 semper
915 3811 1093 3868 Bonirerium
1111 3825 1287 3874 uocauersm,
1304 3809 1353 3865 sed
1371 3813 1454 3882 typo-

420 3903 516 3969 thets‚
543 3905 576 3958 ut
602 3904 694 3960 lsbori
717 3907 747 3960 et
773 3904 866 3975 spatio
890 3903 1033 3975 parceret,
1060 3899 1204 3956 interdum
1228 3915 1279 3954 sua
1300 3902 1400 3970 sponte
1418 3901 1457 3956 Bf

420 3992 534 4064 scripsit
551 4032 559 4048 .
578 4010 662 4062 quem
681 3993 821 4065 corrigere
839 4010 895 4049 non
913 3993 1057 4063 poteram:
1077 4005 1141 4044 mes
1159 3988 1234 4043 enim
1253 3989 1373 4059 pecunia
1390 4007 1452 4060 pre·

419 4082 492 4137 tium
510 4097 635 4138 errorum
654 4085 843 4138 eorreotorum
861 4079 1025 4136 soluendum
1044 4078 1113 4133 emt.

362 4171 382 4225 0
419 4170 558 4226 Iohsnnes
582 4169 706 4225 Olerious
732 4169 763 4224 in
786 4167 917 4224 sansonis
943 4166 1118 4238 geogrspbis
1147 4183 1226 4222 esem
1250 4167 1452 4226 Amstelodsmi

418 4275 493 4314 enno
513 4259 582 4314 1704
600 4257 686 4314 ediis.

356 4347 385 4402 11
421 4347 559 4403 Iobsnnss
577 4343 738 4417 Martinusy
756 4347 787 4402 in
804 4345 929 4405 editione
948 4345 1112 4418 Hieronymi
1131 4345 1166 4401 Il.
