3172 5160
132 1509 144 1544 ι
196 1473 393 1562 Hieronymi
414 1477 498 1542 liber
519 1477 801 1564 interpretationis
823 1477 1047 1545 hebraicorum
1070 1481 1249 1547 nominum.

239 1648 353 1728 Philo,
391 1650 442 1714 nir
479 1649 708 1716 disertissimus
743 1648 951 1730 Indaeorum,
985 1649 1136 1737 Origenis
1167 1673 1295 1738 quoqne

151 1756 340 1822 testimonio
362 1755 582 1840 oonprobetnr
604 1755 739 1822 edidisse
750 1756 869 1822 libram
890 1756 1114 1824 hebrsioorum
1126 1759 1296 1826 nominum

153 1881 336 1944 eorumque
359 1859 572 1944 etymologias
594 1860 684 1924 insta
705 1860 852 1927 ordinem
873 1860 1057 1926 litterarum
1079 1881 1097 1928 e
1117 1861 1220 1928 latere
1242 1883 1297 1929 oo·

126 1963 292 2048 spolms
326 1964 383 2047 qni
405 1985 478 2028 enm
507 1963 607 2049 uulgo
635 1963 795 2030 habentur
825 1986 845 2030 e
874 1963 1005 2030 Graecis
1027 1968 1061 2030 et
1082 1965 1297 2032 bibliothecas

152 2069 243 2133 orbis
272 2067 465 2152 inplenerit‚
495 2068 593 2134 studii
623 2067 706 2134 mihi
738 2067 803 2133 fuit
834 2069 869 2132 in
891 2069 1026 2134 latinam
1048 2089 1122 2136 eum
1150 2070 1297 2156 linguam

152 2173 294 2236 uertere.
335 2191 448 2236 nerum
476 2175 546 2236 tem
573 2171 702 2238 dissone
732 2172 819 2238 inter
840 2193 873 2237 se
895 2172 1092 2257 exemplaria
1112 2175 1241 2258 repperi
1263 2177 1297 2240 et

150 2274 198 2340 sio
226 2273 401 2340 ooninsnm
424 2274 588 2356 ordinem,
619 2277 657 2339 nt
683 2277 790 2342 tenere
816 2274 932 2340 melius
960 2275 1170 2342 indicauerim
1198 2297 1295 2361 quem

155 2377 407 2463 reprehensione
436 2379 514 2463 qnid
543 2379 678 2464 dignum
701 2377 851 2444 seribere.
875 2380 985 2463 itaque
1007 2377 1139 2446 hortata
1160 2378 1297 2448 fratrom

114 2507 145 2542 ιο
153 2479 274 2567 annli
297 2485 331 2548 et
350 2481 530 2560 Ualeriani,
560 2481 617 2566 qni
646 2503 698 2548 me
717 2483 837 2567 putent
857 2481 979 2566 aliquid
1000 2483 1036 2548 in
1056 2481 1213 2550 hebraeos
1234 2486 1297 2551 lin·

152 2607 237 2672 gnos
259 2586 380 2652 notitia
401 2585 591 2671 profecisse,
613 2587 649 2651 et
669 2586 717 2650 rei
739 2586 841 2671 ipsius
862 2585 1004 2652 utilitate
1027 2590 1211 2672 conmotus,
1228 2589 1295 2656 sin·

151 2690 230 2776 gule
251 2711 312 2776 per
334 2690 478 2756 ordinem
499 2690 733 2775 scripturarum
755 2689 922 2755 uolumine
943 2691 1126 2776 perononrri
1148 2693 1182 2758 et
1203 2697 1297 2760 uetus

152 2795 336 2862 aedificium
381 2815 469 2860 none
497 2814 575 2860 oure
610 2793 796 2858 instaurans
824 2791 937 2858 lenisse
968 2815 1020 2860 me
1054 2815 1129 2862 reor
1158 2797 1245 2880 qnod
1275 2817 1295 2864 e

152 2898 287 2966 Genesis
308 2917 438 2983 quoqne
461 2897 676 2983 adpetendum
698 2897 752 2962 sit.
782 2899 951 2982 praeterea
982 2899 1016 2963 et
1036 2899 1118 2966 illud
1146 2900 1182 2966 in
1202 2921 1296 2986 prse-

111 3003 278 3080 a3fatione
307 3021 487 3068 commoneo
516 3002 555 3065 ut
586 3002 614 3065 si
645 3021 710 3084 qne
741 2998 794 3066 hio
822 3000 1049 3085 praetermissa
1077 3003 1171 3083 sunt,
1200 3005 1295 3072 elteri

151 3109 237 3174 seint
257 3107 361 3172 lector
382 3106 472 3190 operi
494 3107 668 3171 reseruata.
702 3104 803 3170 libros
831 3103 919 3170 enim
948 3103 1171 3172 hebraioernm
1198 3129 1296 3192 quse·

152 3214 298 3278 stionnm
319 3231 407 3276 nuno
427 3210 464 3274 in
486 3210 639 3274 menibus
661 3207 776 3288 beben,
799 3229 881 3295 opus
902 3229 1024 3274 nonum
1047 3211 1082 3273 et
1107 3211 1176 3275 tem
1197 3209 1295 3278 Grae-

151 3317 198 3382 ois
216 3336 315 3401 qnam
337 3313 465 3380 betinis
491 3334 593 3398 usqne
616 3312 657 3379 sd
687 3313 720 3378 id
753 3313 897 3380 locorum
918 3311 1114 3396 inauditnm,
1137 3335 1205 3382 non
1227 3338 1292 3403 quo

153 3423 298 3490 studium
319 3442 428 3486 meum
442 3420 619 3488 insolenter
640 3419 809 3504 extollam,
830 3419 886 3486 sed
907 3441 972 3505 qno
1000 3419 1126 3488 sudoris
1146 3425 1294 3492 oonsoins

108 3529 193 3599 eeod
223 3529 396 3594 lectionem
420 3549 531 3594 eornm
558 3522 730 3611 pronooe'm
760 3527 949 3592 nescientes
985 3525 1012 3592 si
1044 3527 1118 3611 qnis
1137 3525 1240 3613 igitur
1260 3530 1294 3596 et

154 3634 232 3701 illos
255 3634 290 3698 et
311 3653 463 3717 praesens
499 3631 670 3710 uolumen,
693 3630 814 3696 librum
842 3651 972 3716 qnoque
1004 3629 1165 3710 locorum,
1197 3652 1294 3715 quem

153 3738 299 3805 edituros
322 3757 410 3815 snm,
433 3734 551 3800 hebere
574 3735 731 3816 noluerit,
753 3734 848 3820 perui
869 3733 989 3820 pendet
1010 3735 1137 3800 rootnm
1159 3737 1193 3800 et
1214 3757 1295 3800 nen·

152 3846 234 3910 mem
267 3843 469 3908 ludaeorum.
503 3862 541 3906 ao
578 3862 619 3907 ne
652 3841 738 3906 forte
770 3843 992 3907 consummato
1024 3840 1169 3906 aedificio
1201 3843 1293 3925 qnasi

152 3951 300 4014 extreme
322 3947 447 4011 deesset
468 3965 594 4023 monus,
617 3943 694 4010 noui
717 3945 904 4010 testamenti
926 3945 1027 4010 uerba
1047 3945 1081 4009 et
1101 3944 1294 4008 nominein·

114 4053 355 4139 25terpretatus
377 4071 465 4129 sum,
499 4049 621 4114 imitari
649 4048 762 4114 nolens
782 4061 821 4115 ex
853 4050 946 4137 parte
979 4045 1167 4135 Origenem,
1198 4067 1294 4130 qnem

153 4159 229 4244 post
257 4155 423 4242 apostolos
460 4154 667 4221 eeclesiarum
700 4153 887 4239 magistrum
918 4175 1013 4220 nemo
1042 4153 1104 4217 nisi
1137 4151 1297 4235 inperitus

225 4311 256 4360 16
274 4305 428 4376 Hieronym
456 4305 528 4360 hebr
551 4306 652 4374 qnssst
675 4306 679 4371 l
703 4321 732 4373 19
756 4302 851 4359 Sslnst
874 4301 1047 4373 Iugurtha4
1067 4301 1072 4367 Ι
1094 4319 1122 4353 21
1143 4299 1295 4370 Hieronym

152 4395 226 4453 liber
243 4397 369 4454 looorum
1063 4484 1078 4545 l
