3218 5150
818 400 859 464 98

352 573 466 639 heims
486 572 641 676 oppidum
664 571 697 636 in
720 572 809 636 terra
830 570 976 650 Iudaeae,
993 570 1078 656 quod
1097 571 1349 638 sedifieauerunt
1361 571 1405 651 hi,
1436 604 1447 638 ι

265 680 321 764 qui
343 677 384 743 ad
406 699 478 742 eam
500 679 659 741 uenerant
679 675 719 742 de
741 676 868 742 Smatb.

350 783 476 847 Arcem.
499 775 656 864 Iosephus
678 779 778 846 refert
802 779 885 846 hano
908 801 975 847 esse
988 781 1116 846 Petram
1134 781 1247 845 urbem
1262 782 1403 849 nobilem

264 884 475 951 Palaestinae.

351 987 563 1055 adramelech
586 987 706 1053 idolum
731 986 957 1072 Assyriorum,
981 986 1067 1069 quod
1097 988 1131 1051 et
1150 983 1331 1052 Samaritae
1353 1008 1407 1052 ne·
1436 1014 1448 1061 5

264 1095 370 1160 norati
392 1096 479 1162 sunt.

754 1193 804 1258 De
826 1193 920 1258 Issia.

352 1299 512 1365 Arnonim
541 1300 632 1364 iuxta
663 1298 782 1364 Isaiam
808 1300 880 1364 uiae
910 1320 1028 1364 nomen
1073 1300 1108 1364 in
1137 1300 1264 1366 uisione
1290 1303 1405 1364 eontra

265 1403 373 1483 Moab,
396 1424 456 1489 pro
482 1424 547 1488 quo
572 1402 689 1486 Aquila
708 1401 863 1467 Oronsim
883 1404 1009 1487 posuit,
1031 1401 1240 1488 Symmachus
1261 1403 1403 1469 Oranim.

353 1507 504 1592 Agallim.
558 1509 592 1571 et
622 1505 718 1572 huius
750 1508 899 1572 meminit
933 1507 1033 1572 Isaias
1068 1508 1102 1571 in
1137 1507 1262 1572 nisione
1292 1511 1406 1572 eontra
1422 1526 1452 1560 ιο

264 1613 372 1678 Moab.
395 1613 444 1676 est
465 1611 574 1675 autem
591 1599 689 1675 'nuno
712 1609 856 1696 Agallim
884 1611 976 1675 uicus
1005 1611 1046 1675 ad
1077 1612 1250 1677 australem
1281 1613 1405 1696 partem

264 1718 473 1805 Areopoleos,
496 1716 621 1781 distans
642 1718 684 1781 ab
707 1739 746 1782 ea
768 1718 899 1782 milibus
921 1721 1006 1784 octo.

354 1826 456 1892 Aelim
479 1825 597 1908 puteus
618 1825 749 1889 Dimon.
794 1827 829 1890 et
855 1825 950 1890 huius
980 1825 1043 1890 loci
1075 1826 1110 1890 in
1141 1826 1251 1892 eadem
1280 1825 1406 1890 uisione

264 1933 365 1999 Isaiae
387 1931 581 1996 recordatur.

350 2035 475 2102 Arihel.
519 2035 614 2100 huius
635 2056 763 2120 quoqne
785 2036 885 2102 Isaiae
906 2037 1070 2116 meminit,
1094 2058 1190 2121 quarn
1225 2035 1346 2121 Aquila
1374 2038 1407 2101 et
1423 2059 1450 2108 ις

265 2140 481 2227 Symmachus
502 2141 711 2226 interpretati
735 2145 812 2206 sunt
832 2141 959 2208 leonem
982 2142 1044 2206 dei.
1088 2141 1171 2208 hane
1194 2145 1312 2227 putant
1341 2163 1407 2208 esse

263 2246 394 2330 quidam
417 2244 614 2330 Areopolim,
637 2266 675 2312 eo
697 2246 783 2329 qnod
805 2247 853 2312 ibi
874 2245 1195 2330 nuncusqueAribel
1216 2246 1337 2312 idolum
1353 2266 1407 2311 co·

264 2350 344 2426 lant,
368 2352 517 2414 uocatum
541 2348 610 2410 α’πὸ
641 2353 700 2412 τοῦ
711 2353 848 2434 Ἄρεως,
877 2351 910 2415 id
937 2355 986 2416 est
1007 2373 1027 2414 a
1048 2348 1169 2429 Marte,
1200 2351 1285 2416 unde
1308 2353 1342 2415 et
1363 2350 1409 2414 oi-

267 2456 404 2520 uitatem
425 2455 544 2519 dictam
566 2455 779 2540 suspicantur.
822 2455 902 2520 mihi
928 2461 1036 2520 autem
1059 2456 1189 2520 uidetur
1210 2456 1302 2519 iuxta
1330 2475 1406 2520 oon-

266 2559 479 2644 sequentiam'
491 2562 681 2643 textumque
704 2558 893 2644 prophetiae
914 2559 1028 2625 Aribel
1049 2561 1095 2625 ibi
1118 2559 1289 2645 allegorice
1315 2559 1404 2625 Ieru-
1422 2595 1452 2630 ιο

266 2665 367 2729 salem
388 2664 456 2727 siue
479 2662 641 2747 templum
673 2663 871 2747 significare,
901 2663 963 2728 hoc
985 2666 1035 2728 est
1068 2663 1194 2729 leonem
1229 2665 1297 2741 dei,
1320 2665 1404 2748 quod

265 2767 348 2833 forte
370 2787 508 2850 regnum
530 2764 630 2831 fuerit
651 2771 685 2831 et
706 2771 833 2853 potens.
877 2769 917 2832 de
940 2767 1001 2832 hoc
1023 2768 1057 2832 in
1075 2767 1168 2833 libris
1182 2768 1406 2834 hebraicarum

267 2875 495 2960 quaestionum
517 2874 643 2959 plenius
666 2873 814 2942 diximus.

353 2977 479 3043 Adama
500 2978 536 3042 iu
557 2977 652 3056 isaia,
675 3000 735 3064 pro
756 3001 821 3064 qua
847 2980 966 3065 Aquila
995 2985 1029 3046 et
1055 2981 1265 3066 Symmachus
1293 2982 1408 3048 sumus

267 3089 301 3151 et
323 3084 528 3151 Theodotion
551 3091 640 3150 terra
661 3087 929 3173 interpretantur.
1423 3119 1450 3168 ²5

354 3191 441 3276 Ager
464 3190 606 3256 lullonis.
643 3191 758 3256 etheo
780 3192 814 3257 in
836 3191 923 3258 Isaia
945 3193 1101 3278 scriptum
1124 3195 1183 3259 est.
1227 3194 1407 3259 ostenditur

266 3302 375 3365 autem
399 3301 432 3363 et
454 3319 539 3363 nune
562 3319 664 3382 usque
686 3298 775 3364 loona
797 3302 831 3364 in
854 3301 1049 3366 suburbanis
1071 3301 1255 3366 Ierusalem.

353 3403 508 3469 Asedeoh.
532 3402 777 3468 sthanclsaiss
798 3406 961 3491 propheta
983 3407 1126 3471 futuram
1148 3407 1184 3470 in
1194 3406 1408 3491 Aegyptous·

267 3507 433 3573 ticinatur.
464 3506 627 3571 sciendum
651 3511 760 3573 autem
783 3510 869 3593 quod
894 3511 927 3574 in
947 3510 1088 3576 hebraeo
1113 3533 1173 3596 pro
1195 3511 1255 3576 hoo
1276 3511 1407 3574 nomine

268 3613 425 3697 scriptum
446 3612 490 3674 sit
514 3610 653 3694 thares,
683 3613 769 3697 quod
791 3635 811 3678 a
831 3615 975 3680 siccitate
998 3617 1129 3700 quidam
1150 3616 1408 3700 interpretantur
1423 3643 1454 3691 30

268 3715 385 3796 solem,
414 3717 449 3779 et
482 3715 540 3779 alii
572 3715 607 3779 in
636 3719 753 3782 testam
784 3718 1002 3797 transferunt,
1039 3719 1183 3784 uolentes
1217 3718 1268 3783 uel
1297 3717 1410 3783 Helio-

268 3820 369 3905 polim
392 3819 569 3903 rignifieari
591 3819 644 3884 uel
667 3819 868 3887 ostracinen.
897 3823 1008 3889 sedet
1031 3822 1126 3890 huius
1148 3825 1197 3890 rei
1217 3822 1410 3908 disputatio-

270 3945 354 4003 nem,
380 3924 458 4007 quia
478 3923 609 4008 longior
630 3929 688 4006 est,
701 3927 736 3991 in
752 3926 844 3992 libris
859 3926 1082 3994 hebraicarum
1100 3928 1327 4013 quaestionum
1336 3950 1410 4014 rep·

270 4031 384 4116 peries.

343 4160 484 4230 rBegIV
505 4161 595 4230 nmo!
612 4180 625 4229 3
646 4162 876 4234 aeglv17,3ol3
897 4163 998 4235 Ioseph
1011 4165 1176 4234 arohIV4,7
1190 4159 1408 4234 7,rlyliegIV

272 4250 814 4322 17,3rl81aa15‚5lrolsa15,8113
840 4253 978 4322 lsa15,8l
1002 4255 1410 4326 15ha29‚112211ier0nym

269 4339 470 4406 hebrqnaestl
487 4359 518 4405 24
535 4339 642 4406 Isa6‚11
660 4345 665 4412 Ι
681 4349 711 4398 26
724 4344 816 4412 leam
833 4347 838 4410 Ι
854 4349 884 4398 28
903 4345 1093 4416 Isa19,18133
1113 4348 1220 4403 Hieron
1229 4347 1300 4404 hebr
1308 4353 1410 4416 quaest
