3218 5150
788 355 829 420 87

220 527 389 594 1Arabiae
410 529 561 611 separata
584 529 642 591 est.
688 547 785 612 porro
809 525 899 591 Adra
921 549 941 589 a
963 525 1080 591 Bostra
1109 527 1227 610 uiginti
1249 526 1392 610 quinque

245 633 380 698 milibus
412 631 523 696 distat
569 629 709 694 diximus
730 632 764 694 et
786 650 884 714 supra
905 630 945 712 ds
967 628 1128 694 Astaroth
1151 629 1309 695 Oaruaim.

341 735 421 821 Agri
462 735 594 819 specula
632 755 724 798 mons
765 731 997 814 Moabitarum,
1046 735 1082 797 in
1125 754 1221 818 quem
1257 732 1391 798 adduxit

243 837 343 906 Balae
364 839 451 904 lilius
474 837 565 904 Selor
585 837 718 903 Balaam
740 839 887 904 diuinum
909 839 950 903 ad
978 838 1233 904 maledicendum
1264 836 1390 902 Israhel

218 964 344 1028 §super
368 945 540 1019 uerticem,
574 942 630 1027 qui
653 944 789 1027 propter
818 942 993 1009 uehemens
1019 945 1231 1028 praeruptum
1253 945 1390 1007 uocatur

243 1049 371 1114 exeisus
393 1050 428 1111 et
448 1046 587 1111 inminet
610 1047 691 1112 mari
713 1051 839 1114 mortuo
861 1048 943 1113 haut
964 1047 1078 1133 prooul
1100 1046 1141 1112 ab
1163 1047 1306 1112 Aruone.

335 1149 482 1216 Arabotb
505 1149 604 1216 Moab
626 1149 682 1215 ubi
706 1151 845 1216 seeundo
866 1153 1057 1216 numeratus
1079 1151 1287 1236 estpopulus,
1302 1151 1388 1233 quod

244 1255 364 1342 Aquila
385 1256 621 1342 interpretatur
641 1254 779 1319 humilia
800 1255 1029 1340 siueaequalia
1047 1252 1156 1332 Moab,
1167 1254 1252 1320 haue
1265 1255 1388 1322 habeus

245 1359 509 1426 cousuetudinem
550 1361 587 1424 ut
621 1359 786 1425 heremum
818 1363 952 1445 propter
981 1359 1151 1446 planitiem
1179 1357 1324 1444 ὁμαλήν,
1354 1359 1386 1424 id

198 1487 230 1520 10
246 1471 297 1531 ert
319 1465 485 1548 aequalem
516 1465 750 1548 interpretetur
772 1468 806 1529 et
827 1465 970 1550 plenam.
1014 1463 1151 1550 denique
1175 1464 1385 1550 Symmachus

245 1591 305 1655 pro
328 1567 476 1634 Araboth
498 1565 597 1633 Moab
619 1571 813 1653 campestria
834 1568 932 1634 Moab
952 1569 1130 1634 transtulit.
1163 1574 1196 1634 et
1218 1574 1387 1658 estusque

245 1673 342 1738 bodie
375 1673 463 1738 loeus
490 1672 582 1736 iuxta
609 1685 752 1737 montem
787 1672 915 1758 Fogor,
953 1674 1106 1738 euntibus
1139 1695 1159 1737 a
1187 1674 1322 1741 hibiude
1351 1677 1385 1742 in

243 1778 360 1844 Esbuu
381 1777 520 1842 Arabiae
542 1779 657 1842 eontra
679 1776 815 1856 Ierioho,
838 1779 895 1862 qui
916 1779 964 1842 ita
985 1778 1177 1863 adpellatur.

331 1881 449 1947 Araba.
473 1881 557 1948 haue
579 1885 617 1947 ut
638 1904 736 1967 supra
757 1881 878 1968 Aquila
900 1883 1069 1949 transtulit
1089 1882 1386 1970 planam,Symms-

198 2005 227 2055 ¹5
244 1985 324 2052 ebus
345 1987 507 2052 interdum
530 1989 753 2072 campestrem,
765 1988 927 2054 interdum
949 1988 1212 2066 inhabitabilem,
1235 1987 1385 2057 Theodo-

242 2091 315 2156 tion
337 2091 578 2157 occidentalem.

330 2193 471 2260 Ataroth
492 2195 610 2260 ciuitas
632 2194 710 2260 olim
732 2193 983 2261 Amorraeorum
1005 2197 1096 2260 trans
1109 2193 1289 2277 Iordanem,
1301 2218 1384 2283 quae

244 2300 357 2384 postea
377 2298 493 2363 oeoidIt
514 2300 550 2363 iu
572 2307 693 2364 sortem
715 2299 821 2364 tribus
843 2297 923 2364 Gad.
947 2301 1082 2364 uooatus
1102 2303 1153 2364 est
1173 2303 1283 2366 autem
1305 2302 1383 2367 Ata·
1438 2371 1440 2374 ,

243 2403 321 2468 roth
343 2411 376 2468 et
398 2403 484 2468 lilius
507 2402 706 2469 Salmasius
729 2403 871 2483 Salmon,
903 2406 941 2467 ut
961 2404 998 2469 iu
1028 2402 1282 2488 Paralipomenis
1305 2407 1383 2472 seri·

197 2537 230 2571 20
245 2509 337 2593 ptum
360 2510 418 2573 est.

329 2610 450 2677 Atroth
471 2609 612 2695 Sophau.
635 2613 670 2676 et
691 2610 771 2676 haee
792 2611 907 2675 ciuitas
929 2610 1035 2676 tribus
1055 2610 1135 2678 (iud.

328 2714 432 2780 Arath
455 2714 572 2779 ciuitas
583 2714 835 2780 Amorraeorum
858 2715 964 2779 uicina
974 2715 1099 2781 deserto
1113 2716 1223 2783 (ledes.
1235 2723 1269 2784 et
1280 2741 1380 2804 nsque

243 2840 330 2884 nune
351 2818 533 2884 ostenditur
554 2819 634 2883 uilla
656 2818 698 2883 ab
720 2818 839 2904 oppido
854 2815 1008 2884 Molothis
1025 2820 1061 2886 in
1083 2825 1200 2906 quartu
1222 2823 1337 2909 lapide,
1361 2845 1380 2888 a

242 2920 393 2988 chebron
415 2922 579 3002 uicesimo,
601 2923 636 2986 in
658 2921 749 2986 tribu
770 2921 858 2986 Iuda.

197 3056 226 3105 ις
329 3029 490 3092 Asemona
511 3027 627 3090 oiuitas
648 3026 684 3089 in
708 3027 842 3102 deserto,
866 3025 907 3091 ad
929 3027 1094 3092 meridiem
1115 3027 1379 3106 Iudae,diuidens

241 3131 428 3216 Aegyptum
450 3133 483 3194 et
504 3134 622 3194 sortem
647 3129 750 3195 tribus
771 3128 866 3194 Iudae
890 3130 930 3195 ad
952 3151 1039 3196 mare
1061 3153 1162 3216 usqne
1183 3133 1377 3199 tendentem.

242 3235 335 3319 posui
357 3236 390 3299 et
411 3255 509 3318 supra
523 3233 698 3315 Asemona,
720 3237 826 3298 eastra
846 3233 986 3298 filiorum
1009 3233 1143 3300 Israhel.

327 3335 470 3404 horabbi
493 3339 650 3404 terminus
677 3336 775 3404 ludas
805 3339 991 3423 prouinciae
1018 3341 1058 3405 ad
1086 3341 1244 3407 orientem
1275 3345 1378 3429 respi-

240 3443 337 3520 eieus,
360 3442 465 3507 tribus
489 3441 600 3508 Iudae.
646 3445 825 3508 astantem
847 3445 880 3507 et
902 3441 993 3507 uicus
1013 3444 1145 3528 grandis
1166 3467 1255 3512 nuno
1276 3469 1378 3534 usquo

197 3580 229 3630 30
243 3567 361 3611 nouem
383 3545 518 3611 milibus
546 3567 565 3611 a
598 3543 736 3631 Neapoli
772 3549 886 3612 eontra
922 3546 1079 3613 orientem
1111 3549 1377 3619 descendentibus

240 3649 280 3715 ad
302 3649 473 3716 Iordanem
487 3652 521 3715 et
541 3648 700 3716 leriohum
721 3671 780 3736 per
806 3673 878 3716 eam
906 3673 989 3736 quae
1012 3653 1194 3738 adpellatur
1221 3657 1375 3724 Aerabbi·

238 3759 323 3820 tous.
367 3753 422 3818 sed
444 3756 478 3820 et
500 3753 678 3820 eoutiuium
699 3754 950 3821 amorraeorum
978 3754 1157 3824 Aorabbim
1178 3761 1312 3840 dieitur,
1337 3761 1376 3827 de

238 3879 303 3943 quo
326 3858 398 3923 loeo
421 3879 488 3923 non
508 3860 739 3925 exterminauit
767 3859 966 3945 alienigenas
991 3862 1096 3928 tribus
1124 3864 1309 3951 Neptalim‚
1339 3871 1377 3930 ut

238 3962 272 4028 iu
295 3961 436 4028 indicum
465 3961 548 4028 libro
577 3965 731 4050 seriptum
766 3967 824 4030 est

310 4128 325 4161 2
345 4109 889 4180 =8e5l3N11m2321417Num2⁶sl
907 4111 1154 4180 all¹4=87sl
1172 4132 1199 4180 1⁷
1219 4114 1375 4187 Numam!

239 4203 269 4252 rt
289 4197 365 4253 Num
378 4198 468 4266 ΜΗ
487 4215 515 4265 19
534 4198 644 4256 Parsll
662 4218 718 4269 2,54
733 4201 738 4268 Ι
754 4221 782 4255 21
803 4201 878 4257 Num
892 4220 960 4270 ³²·35
978 4207 983 4267 Ι
1005 4221 1035 4255 22
1054 4199 1129 4256 Num
1145 4220 1216 4268 33,40
1230 4203 1236 4272 Ι
1252 4221 1280 4270 ²⁵
1301 4205 1377 4262 Num

239 4304 311 4357 ress
326 4289 331 4358 l
347 4304 377 4354 ²⁷
397 4309 429 4335 =
446 4292 517 4356 8a³0
532 4287 538 4355 l
553 4292 583 4342 ²8
602 4289 677 4346 Num
696 4309 752 4360 ses
767 4291 772 4360 l
789 4310 820 4360 ³4
838 4291 891 4348 Iud
912 4296 965 4359 μεθ
